2870 4628
440 254 595 370 ιγ’
661 280 2028 370 PRAEFA'rr-ONES.

203 453 316 527 {am
352 461 773 546 parentum
834 441 1281 517 nostrorum
1328 443 1712 521 amicitiam
1745 500 1771 538 ,
1833 446 1955 541 qui
2001 447 2318 529 invicem

205 548 573 647 plurimum
616 542 715 619 δι
767 558 1142 619 amarunt
1185 539 1265 615 ἃ
1303 543 1691 618 coluerunt.
1796 547 1958 621 Nos
1995 572 2173 622 vero
2214 552 2314 624 ob

214 647 607 724 studiorum
649 641 1099 717 nostrorum
1145 639 1582 717 neceffitates
1633 644 1950 718 locorum
1989 645 2316 724 distantia

224 746 537 840 separati
594 742 866 818 sumus.
974 741 1183 814 Inter
1230 740 1534 834 majores
1575 760 1731 816 tuos
1766 795 1790 830 ,
1851 744 1971 841 qui
2021 744 2314 820 Batonis

228 844 562 920 officium
612 840 855 916 multis
897 841 1115 914 annis
1165 837 1242 913 in
1288 840 1586 914 civitate
1634 840 1866 915 nostra
1897 896 1921 932 ,
1967 844 2317 919 Claronae

240 964 411 1019 cum
442 940 659 1015 laude
692 939 1200 1014 obtinuerunt:
1249 937 1449 1013 Avus
1476 940 1712 1013 hercle
1742 958 1897 1013 tuus
1934 942 2117 1037 patri
2148 962 2313 1017 meo

3 1034 6 1177 j
256 1038 860 1136 conjunfflffimus
896 1035 1061 1110 fuit.
1161 1037 1416 1112 Parent
1460 1038 1891 1112 Clementiae
1934 1058 2094 1116 tuae
2134 1042 2314 1117 adeo

260 1139 436 1212 mibi
462 1138 759 1212 intimus
781 1134 922 1210 fuit
938 1189 963 1225 ,
993 1150 1076 1208 ut
1099 1134 1321 1208 nullus
1339 1156 1804 1232 cognatorum
1819 1139 2064 1235 magis.
2087 1140 2315 1241 Quip-

260 1260 354 1330 pe
396 1237 518 1331 qui
546 1290 569 1324 ,
620 1257 1040 1332 quamquam
1099 1255 1242 1331 ego
1289 1234 1361 1308 in
1406 1235 1790 1332 longinqua
1833 1238 2163 1330 natione,
2209 1238 2315 1313 se·

262 1354 463 1408 cutus
518 1335 875 1411 literarum
916 1330 1190 1422 studia,
1235 1334 1583 1422 versarer,
1635 1333 1907 1430 semper
1953 1353 2190 1413 tamen
2235 1337 2319 1411 li·

262 1434 427 1507 teris
458 1430 605 1507 suis
639 1430 1115 1507 amantiffimis
1150 1430 1501 1522 inviserit,
1551 1450 1628 1505 ut
1674 1456 1785 1507 res
1827 1434 2102 1528 patriae
2139 1458 2315 1509 nun·

260 1554 461 1628 quam
500 1556 624 1607 me
664 1531 884 1605 etiam
921 1527 1110 1627 apud
1140 1546 1425 1604 exteros
1465 1532 1794 1629 laterent„
1849 1533 1986 1606 Vir
2019 1553 2166 1607 erat
2195 1558 2316 1630 pa·

258 1652 408 1705 rens
447 1648 613 1707 tuus
655 1630 982 1704 omnium
1015 1628 1341 1702 horarum
1381 1629 1626 1702 homo:
1684 1633 1887 1704 rebus
1922 1631 2116 1706 seriis
2152 1656 2313 1729 gra·

258 1729 405 1816 vis,
454 1748 815 1817 maturus,
864 1724 1267 1801 verendus:
1318 1727 1521 1801 laetis
1562 1728 2091 1824 jucundiffimus
2141 1755 2312 1804 con-

252 1822 647 1902 fabulator:
702 1849 919 1923 quem
968 1846 1181 1900 unum
1236 1823 1573 1918 univerfi,
1623 1829 1897 1925 quoties
1935 1828 2162 1926 jocari
2208 1830 2313 1903 so·

254 1926 453 2001 lebat
483 1980 507 2014 ,
555 1925 920 2020 stupentes
977 1922 1515 1999 admirarentur.
1615 1926 1961 2029 Quoties,
2017 1928 2144 2002 Dii
2189 1928 2314 2002 bo·

255 2024 385 2111 ni,
430 2024 509 2096 in
542 2023 1038 2098 Helvetiorum
1075 2023 1381 2098 concilio
1421 2024 1690 2121 patriae
1737 2028 2007 2122 legatus
2026 2082 2048 2116 ‚
2103 2020 2109 2029 ’
2150 2051 2313 2100 uan-

256 2121 368 2196 do
424 2120 621 2195 seriis
664 2121 867 2220 Reip.
917 2119 1193 2196 nostrae
1249 2122 1554 2219 negotiis
1611 2121 1972 2196 transaffis
2028 2148 2104 2195 re
2143 2125 2313 2198 ocil-

257 2218 471 2293 landi
510 2215 732 2293 effent
760 2220 1172 2307 Senatores,
1221 2219 1367 2319 ipse
1416 2220 1748 2293 omnibus
1787 2220 2180 2316 speetaculo
2211 2220 2318 2297 fe·

254 2317 646 2394 stiviffimis
686 2317 885 2398 ditiis
924 2320 1065 2396 suis
1099 2317 1277 2409 fuit,
1325 2318 1403 2394 δι
1451 2312 1640 2417 quafi
1677 2319 2011 2393 miraculo
2049 2320 2315 2393 Helve-

252 2419 527 2494 tiorum
559 2417 873 2492 urbibus.
972 2419 1263 2513 Saepius
1278 2470 1304 2510 ,
1356 2442 1517 2491 cum
1560 2441 1602 2492 e
1640 2417 1964 2507 Lutetia,
2016 2418 2126 2492 <rel
2171 2419 2222 2488 F
2228 2422 2321 2492 ri·

249 2519 487 2614 burgo
514 2518 858 2613 Brisgoae
896 2517 970 2591 in
1002 2516 1301 2615 patriam
1333 2517 1576 2605 redii,'
1605 2516 1723 2591 ille
1770 2516 1944 2590 mihi
1988 2515 2314 2610 lepidiffi-

250 2618 392 2691 mis
428 2616 621 2713 jocis
663 2615 801 2689 suis
854 2613 1168 2689 frontem
1207 2617 1635 2711 exporrexit.
1738 2617 2054 2711 Lepores
2118 2631 2316 2690 erant

248 2736 405 2791 non
437 2716 811 2810 vulgares,
858 2735 1005 2788 non
1031 2713 1269 2789 leves:
1321 2715 1435 2789 sed
1469 2712 1764 2811 appofiti
1787 2766 1813 2805 ,
1863 2712 1938 2790 <Sc
1968 2716 2175 2794 rebus
2202 2739 2316 2789 ac-

252 2813 747 2900 commodati,
798 2830 873 2884 ut
914 2835 1267 2910 nunquam
1308 2813 1487 2886 mihi
1527 2814 1688 2926 quic
1740 2837 1898 2887 uam
1939 2813 2324 2911 jucundius

252 2910 476 2984 fuerit
514 2934 730 3007 quam
758 2911 938 3006 apud
979 2931 1141 2985 eum
1171 2911 1591 2985 conversan.
1705 2910 2131 2985 ·hristianam
2169 2914 2320 3007 pie·

252 3029 531 3098 tatem,
579 3009 925 3106 majorum
964 3008 1353 3084 nostrorum
1385 3009 1683 3106 vestigia
1715 3011 2031 3102 secutus»,
2064 3014 2164 3085 ita
2198 3034 2316 3084 co-

248 3109 440 3198 luit,
484 3123 566 3180 ut
601 3108 925 3184 omnibus
957 3107 1152 3186 vitae
1190 3105 1558 3184 honestate
1590 3110 2032 3205 praeluxerit.
2149 3129 2316 3183 uan-

244 3225 417 3280 tum
445 3226 690 3279 autem
713 3207 989 3304 gavisus
1008 3205 1130 3281 fim
1149 3262 1170 3296 ‚
1209 3205 1496 3302 quando
1519 3208 2015 3305 D.Aegidiurn
2039 3208 2110 3280 T
2142 3209 2314 3282 chu-

252 3306 438 3380 dum
488 3327 838 3402 generum
892 3306 1047 3400 ejus
1093 3304 1352 3380 fast-um
1401 3306 1741 3401 percepi,
1791 3306 2026 3380 sorore
2069 3321 2191 3381 tua
2241 3308 2319 3382 in

250 3403 796 3479 matrimonium
831 3403 1037 3482 duaa
1062 3457 1084 3493 ‚
1135 3402 1209 3477 id
1250 3425 1425 3478 vero
1458 3403 1580 3478 vix
1613 3404 1758 3478 dici
1800 3402 2056 3500 potest.
2124 3403 2316 3476 Gau-

253 3503 405 3576 deo
434 3502 652 3576 etiam
704 3500 877 3600 (per
910 3505 1171 3598 Jovem
1208 3502 1381 3575 mihi
1417 3501 1676 3601 crede)
1727 3502 1912 3576 haud
1941 3500 2330 3577 mediocri«

254 3618 409 3684 ter,
458 3603 650 3696 quod
706 3603 805 3675 D.
836 3600 1250 3677 Henaichus
1289 3596 1606 3689 &thulen
1660 3622 1885 3698 nepos
1928 3600 2101 3673 mihi
2150 3601 2317 3674 cha-

245 3697 552 3773 riffimus
580 3754 603 3787 ,
650 3699 785 3776 tibi
825 3717 971 3773 tam
1014 3697 1305 3772 ἀίΙεέὶιιε
1356 3698 1495 3786 est,
1544 3721 1749 3794 quarn
1804 3697 1924 3795 qui
1968 3697 2319 3776 dileetiffi-

18 3821 35 3906 ἱ
250 3820 446 3870 mut.
541 3798 683 3873 Sed
727 3800 822 3872 de
857 3797 968 3871 his
1002 3796 1193 3870 alias.
1295 3796 1503 3869 Tuae
1549 3796 1906 3892 Dignitati
1949 3816 2319 3896 congratu-

252 3894 415 3983 lor,
457 3899 635 3993 quod
699 3897 965 3970 domus
1011 3895 1405 3971 Phavorina
1446 3914 1518 3970 te
1565 3918 1755 3969 nunc
1803 3896 2144 3970 Abbatem
2200 3921 2318 3970 co·

240 3993 549 4097 gnofcit.
651 3998 875 4077 Deus
928 3993 1106 4093 Opt.
1139 3993 1637 4134 Maximpsque
1691 3994 1823 4071 tibi
1863 3991 1955 4071 ’δε
2007 3994 2324 4163 corpori-s

1488 4114 1539 4186 4
2187 4113 2334 4165 am·
