2870 4628
681 168 1781 315 onn1cAT1a

197 415 652 537 perfecistis.
769 412 1084 504 Credite
1136 415 1374 520 mihi,
1441 415 1708 502 summi
1764 428 2311 529 santoni}

201 563 388 625 non
441 531 717 621 nostris
774 524 1057 616 finibus
1114 529 1331 636 hujus
1385 530 1746 640 praeclari
1798 529 2117 621 instituti
2186 530 2309 623 fa·

198 678 344 736 ma
391 647 856 735 continetur.
969 642 1166 728 Late
1217 645 1347 728 illa
1398 644 1834 749 emanavit,
1901 644 1987 730 &
2050 646 2134 731 in
2172 662 2311 733 exa

200 782 424 850 teros
477 762 549 847 se
607 758 945 871 populos
1006 780 1315 866 quoque
1367 752 1650 841 infudit
1688 815 1717 860 ‚
1797 760 1928 867 qui
1987 757 2311 848 laudant

201 877 655 985 inceptum,
705 878 1014 980 ejusque
1072 891 1600 955 AusncEM
1664 869 1744 952 in
1803 873 2103 958 coelum
2159 876 2311 960 tol-

207 991 444 1092 lunt,
523 1010 668 1069 nec
731 981 989 1068 vestris
1052 976 1431 1086 confiliis,
1489 981 1963 1088 hortatibus,
2013 985 2099 1071 &
2154 984 2310 1073 stu-

199 1099 355 1186 dio
400 1094 583 1208 quid
640 1092 1046 1203 debeatur,
1105 1118 1273 1181 non
1327 1096 1795 1209 intelligunt.
1921 1098 2311 1209 Exemplo

201 1208 471 1299 vestro
526 1210 838 1294 excitati
874 1206 1127 1319 pl'ures
1166 1206 1368 1295 idem
1420 1204 2015 1406 adgrediemur,
2068 1210 2153 1295 δι
2189 1238 2381 1298 re··'

203 1321 652 1414 suscitandis
709 1322 851 1406 illis
913 1318 1220 1426 studiis,
1253 1345 1474 1433 ‘quae
1554 1324 1809 1430 epulta
1869 1328 2311 1429 iacuerunt,

209 1462 539 1549 operam
594 1432 891 1521 dabunt
935 1436 1093 1537 ita,
1144 1452 1266 1519 ut·
1338 1433 1526 1520 rima
1585 1446 1776 1519 v‘os
1825 1437 2073 1551 gloria
2111 1437 2314 1524 illius

212 1548 545 1637 instituti
612 1540 994 1633 maneat.²
1057 1536 1264 1655 Quo'
1365 1542 1432 1631 ss·
1464 1548 1706 1632 exteri
1773 1574 2076 1658 quoque
2136 1574 2315 1635 vo-

210 1685 390 1750 lus
447 1662 728 1773 gratias
803 1658 1042 1773 agere
1094 1656 1489 1773 gestiunt3
1569 1656 1753 1769 quid
1810 1687 1956 1747 nos
2011 1659 2312 1748 decebit

209 1778 306 1860 δι.
348 1774 607 1858 Musas
659 1770 1000 1873 nostras,
1076 1770 1349 1880 quibus
1413 1774 1818 1883 praecipue
1875 1773 2062 1860 illud
2125 1802 2315 1862 con-

210 1885 468 1974 filium
542 1883 892 1970 vestrum
934 1884 1247 1969 salutare
1302 1882 1503 1971 fuit?
1557 1884 1768 1997 quod
1833 1887 2007 1996 quia
2073 1887 2180 1973 ita
2226 1891 2312 1973 in

210 1998 609 2114 publicam
662 1993 964 2082 laudem
1022 1998 1274 2102 exiit3
1346 1999 1608 2108 utique
1657 1998 1968 2113 -publice
2022 1997 2313 2085 factum

213 2108 557 2200 vestrum
630 2106 1168 2195 celebrandum
1247 2106 1355 2193 est
1394 2167 1423 2212 ‚
1509 2128 1655 2215 ut,
1688 2198 1693 2205 ,
1731 2136 1887 2220 quo
1952 2113 2316 2198 omnibus

213 2224 613 2313 consulere
668 2214 1004 2307 voluistis
1030 2240 1087 2332 ,ᾗ
1113 2229 1270 2330 ejus
1323 2246 1597 2308 omnes
1642 2224 1869 2308 etiam
1923 2248 2122 2313 vos
2179 2252 2316 2310 au-

216 2341 475 2425 Clores
521 2334 731 2421 fuiss'e
770 2336 1257 2448 cognoscant.
1395 2337 1573 2449 Ego
1607 2337 1828 2445 sane,
1886 2340 2314 2438 litterarum

219 2451 444 2538 {acris
487 2448 791 2534 antistes
841 2444 1351 2560 praepolitus,
1406 2450 1757 2559 inprimis
1792 2477 1917 2535 me
1961 2447 2036 2535 id
2077 2478 2311 2566 agere

217 2560 563 2668 institui,
616 2581 748 2665 ut,
808 2565 1179 2671 quantum
1238 2562 1319 2645 in
1379 2587 1505 2646 me
1565 2557 1784 2649 {itum
1827 2560 1981 2669 est,
2038 2590 2140 2650 ne
2196 2567 2317 2650 in-

221 2696 492 2791 gratae
548 2702 888 2784 unquam
953 2671 1254 2774 nostrae
1302 2675 1571 2762 Musae
1612 2674 2038 2786 videantur.
2148 2676 2318 2766 Alii

286 2787 588 2874 rivatim
624 2790 910 2901 gratias
951 2806 1258 2900 agant,
1310 2813 1497 2896 quas
1540 2813 1683 2874 nec
1723 2815 1870 2874 nos
1914 2815 2140 2903 agere
2181 2787 2317 2875 de-

218 2819 598 2988 Rnemus:
632 2898 844 3010 quod
882 2926 1064 2985 vero
1101 2897 1550 2987 beneficium
1598 2900 1986 3011 publicum
2024 2899 2318 2990 factum

221 3013 388 3117 est,
442 3011 578 3114 δι,
630 3038 730 3097 ex
767 3011 1008 3098 vestra
1057 3040 1238 3099 cura
1276 3012 1362 3097 &
1412 3014 2134 3122 commendatione,
2175 3043 2318 3127 pu-

222 3127 435 3213 blico
490 3127 736 3211 sumtu
803 3124 1314 3236 sustentatum
1400 3128 1663 3236 utique
1742 3129 2044 3239 publice
2100 3128 2320 3215 decet

230 3238 647 3342 declarari,
724 3260 1010 3348 quanta
1086 3238 1168 3322 in
1242 3264 1389 3324 nos
1464 3236 1706 3325 vestra
1784 3241 2320 3329 benevolentia

230 3348 378 3457 fit,
431 3347 520 3435 δι
553 3376 746 3460 quae
794 3351 880 3435 in
925 3349 1152 3437 nobis
1185 3349 1402 3436 vestri
1447 3354 1727 3440 amoris
1765 3372 1992 3464 atque
2028 3354 2321 3466 gratiae

231 3463 730 3551 observantia.
866 3462 1116 3572 Quod
1168 3489 1361 3577 ergo
1414 3463 1597 3549 mihi
1653 3492 1863 3551 nunc
1917 3467 2320 3553 fiibnatum

232 3574 347 3665 est
417 3576 928 3683 opusculum,
998 3600 1371 3682 vonis,
1447 3600 1935 3663 ra'rltom
2005 3577 2322 3687 summi,

232 3705 606 3799 tanquam
666 3686 1033 3797 primitias
1069 3690 1374 3801 collegii
1422 3691 1982 3803 elegantiorum
2036 3692 2320 3778 littera-

238 3826 462 3905 rum,
520 3797 771 3885 vestro
823 3797 1075 3888 studio
1129 3820 1355 3910 atque
1409 3797 1738 3888 consiliis
1784 3798 2153 3908 instituti,
2207 3800 2327 3887 di.

235 3937 340 4016 ςο
389 3932 619 4027 atque
678 3907 927 4004 offero
947 3969 996 4021 ,ἱ
1060 3931 1148 4002 ut
1181 3909 1237 4000 fi
1303 3939 1456 4025 qua
1514 3913 1765 4028 gratia
1823 3912 2043 4026 hujus
2094 3915 2327 4041 libelli

2135 4046 2327 4136 erit,
