2870 4628
618 295 1854 387 PRAEFATIO.
2147 321 2325 388 xm

215 476 272 576 ζ,
304 483 483 571 tur,
552 464 794 551 idem
868 466 1174 551 Paulus
1236 492 1337 551 ex
1394 461 1699 551 diversis
1753 463 2328 553 auftoritatibua

227 638 285 683 ‚,
330 578 932 694 (melotibus)
992 581 1314 687 proprio
1363 577 1531 675 stilo
1575 582 2012 664 connexuit.
2047 583 2095 623 ’'
2195 590 2327 673 ln·

243 695 635 801 terpolatis
666 697 894 779 enim
941 690 1216 774 decern
1254 694 1601 799 Eutropii
1644 693 1852 776 hbris
1909 695 2099 777 aliae
2147 695 2319 797 sex,

257 806 438 890 octo
474 807 669 891 aliae
699 807 1109 890 Paullinos
1149 804 1247 888 de
1287 803 1538 888 Gestis
1581 807 2115 891 Romanorum
2159 810 2326 892 sub-

268 921 589 1003 mittunt
626 981 653 1022 ,
706 917 829 1002 sed
887 916 1171 1001 eodem
1234 939 1488 1001 tamen
1550 916 1895 1001 redeunt.
2017 925 2106 1003 ln
2161 920 2328 1029 qui-

279 1028 596 1117 busdam
662 1058 841 1115 vero
922 1031 1249 1114 Paullini
1305 1029 1480 1112 libri
1529 1030 1962 1115 indistincte
2010 1034 2328 1141 sequun-

282 1162 451 1244 tur,
511 1165 601 1227 ut
656 1145 945 1251 primus
998 1141 1293 1226 dicatur
1351 1141 1578 1227 Liber
1639 1141 2134 1242 undecimae,
2193 1146 2325 1253 qui

280 1258 364 1339 in
402 1259 570 1340 aliis
614 1256 846 1340 Paulli
894 1257 1227 1339 Diaconi
1273 1254 1500 1337 Liber
1540 1256 1831 1363 primus
1877 1254 2005 1340 est.
2084 1256 2326 1361 Quod

1 1439 2 1474 ;
279 1389 540 1453 autem
582 1374 778 1455 Ant.
810 1366 1346 1455 Schonhovius
1378 1365 1575 1451 duos
1630 1388 1927 1453 tantum
1968 1397 2014 1452 a
2060 1368 2327 1454 Paullo

1 1523 2 1528 Ν
282 1482 520 1566 libros
556 1480 859 1564 additos
902 1480 1189 1577 scribit,
1251 1480 1331 1563 in
1374 1484 1583 1564 nulla
1618 1481 1881 1587 reperi.
1921 1482 2095 1596 Jam
2142 1508 2328 1568 vero

1 1547 4 1672 l
282 1600 380 1681 A.
409 1618 707 1681 Moxx.
764 1594 1118 1677 Venetiis
1157 1601 1261 1679 80.
1320 1593 1778 1701 Eutropium
1806 1593 2170 1681 sincerum
2191 1594 2328 1681 da-

281 1735 407 1810 re,
461 1709 549 1790 δι
587 1736 634 1790 a
675 1707 907 1790 Paulli
948 1708 1667 1815 interpolationibus
1708 1709 2040 1814 separare
2094 1735 2327 1793 cona-

282 1839 407 1904 tus
450 1819 664 1904 fuiss’e
702 1822 775 1934 J.
795 1817 1135 1926 Baptista
1174 1819 1545 1927 Egnatius
1590 1818 1864 1917 dicitur
1906 1821 2027 1906 Cl.
2064 1821 2125 1907 F
2128 1821 2326 1906 abri-

284 1934 461 2031 cio,
515 1932 602 2015 δι
656 1933 793 2018 hac
845 1933 1188 2015 editione
1236 1936 1304 2015 se
1354 1935 1522 2017 usos
1555 1933 1919 2018 testantur
1956 1935 2325 2019 Cellariua

293 2044 389 2127 &
431 2046 763 2129 Hearne.
869 2046 1100 2129 Hanc
1154 2071 1386 2152 quum
1433 2046 1563 2128 diu
1603 2044 1873 2133 frustra
1927 2044 2327 2155 quaesivis-

297 2155 504 2258 stm,
558 2156 663 2238 ita
702 2173 785 2240 ut
820 2154 1209 2239 dimidium
1245 2185 1441 2264 opus
1496 2167 1643 2263 jam
1707 2158 2137 2270 typis=effet
2195 2158 2324 2244 de-

285 2269 701 2379 scriptum,
761 2267 895 2352 Vir
934 2270 1218 2354 meritis
1252 2273 1327 2353 in
1368 2296 1527 2354 rem
1561 2271 2006 2356 Literariam
2041 2275 2329 2356 inmor-

284 2385 503 2486 talis,
560 2379 652 2475 ὅσ
680 2381 799 2465 cui
837 2403 1205 2491 quantum
1249 2383 1578 2468 debeant
1616 2385 2029 2490 Eutropius
2068 2383 2152 2466 &
2193 2385 2328 2470 Fe·

279 2496 432 2579 stus
454 2556 482 2597 ‚
528 2500 750 2604 plura
789 2492 1107 2579 sublidia
1143 2498 1423 2604 saepius
1461 2497 1583 2581 hic
1608 2494 2055 2581 recensenda
2077 2495 2330 2582 osten-

281 2608 526 2709 dunt,
588 2608 1185 2692 RBurmannus
1220 2608 1614 2693 Secundus
1649 2611 1851 2695 trina
1891 2608 2069 2693 mihi
2105 2609 2330 2695 obtu-

282 2724 367 2806 l1t
402 2723 874 2826 exemplaria
898 2782 924 2822 ‚
983 2745 1308 2828 quorum
1349 2724 1664 2806 alterum
1722 2741 2014 2832 praeter
2039 2725 2331 2810 Sueto-

281 2835 560 2936 nium,
615 2834 909 2916 Aurelii
967 2833 1301 2917 Vidloris
1355 2835 1787 2943 Excerpta,
1839 2834 2101 2920 decem
2167 2838 2324 2920 Eu·

214 3027 227 3037 .
282 2948 516 3055 tropii
541 3005 571 3048 ‚
626 2942 715 3026 &
753 2944 931 3029 οᾶο
982 2944 1061 3028 Ρ.
1090 2947 1420 3032 Diaconi
1464 2949 1697 3030 libros
1730 2948 2135 3031 continens
2174 2950 2331 3033 Ve-

282 3061 515 3143 netiis
575 3055 782 3165 apud
836 3055 1129 3142 Aldum
1200 3063 1307 3143 A.
1364 3083 1680 3146 Mnxw.
1764 3067 1866 3148 8⁰.
1927 3058 2330 3169 inpressum

284 3172 397 3257 est
456 3199 637 3255 cura
692 3172 766 3286 J.
800 3169 889 3254 Β.
936 3171 1301 3284 Egnatii‚
1359 3197 1402 3255 e
1464 3198 1619 3279 quo
1663 3174 1976 3256 alterum
2037 3193 2334 3280 praeter

280 3282 819 3370 Herodianum
874 3280 975 3364 ab
1031 3286 1345 3395 Angelo
1397 3283 1778 3369 Politiano
1825 3285 2100 3369 Latine
2169 3312 2335 3369 ver-

288 3399 495 3496 sum,
543 3403 741 3481 Aur.
793 3392 1127 3481 vietor-is
1181 3399 1561 3506 Exeerpta
1617 3398 1968 3507 Eutropii
2024 3385 2348 3502 decemJ

294 3509 728 3593 P.Diaconi
780 3504 971 3592 οὲὶο
1004 3506 1237 3593 libros
1292 3509 1806 3616 complectens
1863 3529 2130 3593 natum
2186 3508 2340 3616 est,
2450 3519 2454 3523 ’

294 3618 410 3703 ita
479 3641 562 3739 ut
608 3621 789 3706 nihil
845 3619 949 3702 ab
985 3621 1284 3704 alterius
1342 3620 1669 3707 lestione
1732 3618 2075 3723 recedat,
2134 3649 2343 3707 eam..

286 3729 614 3842 demque
665 3730 996 3846 Egnatii
1059 3729 1610 3841 praefationem
1679 3730 2048 3844 praeferat
2083 3796 2110 3839 ,
2164 3737 2342 3820 Flo-

1 3866 2 3911 l
282 3850 567 3935 tentiae
626 3841 849 3955 apud
892 3846 1169 3957 Juntas
1230 3845 1584 3951 lequente
1629 3873 1845 3934 anno
1897 3874 2080 3934 cura
2141 3852 2342 3935 Ant.
2425 3941 2438 3948 Q

1 3980 4 4087 ζ
268 3958 541 4066 Franc-
583 3950 1093 4048 Varchienfis
1141 3955 1571 4070 inpressum.⁴
1684 3957 2047 4064 Tertium
2105 3986 2292 4045 vero
2290 4018 2350 4156 ἃ

1 4092 4 4149 ι
2133 4097 2286 4185 quo

0 4212 43 4472 kl

30 4561 49 4586 Ο
