<?xml version="1.0" encoding="UTF-8"?>
<!DOCTYPE html PUBLIC "-//W3C//DTD XHTML 1.0 Transitional//EN"
    "http://www.w3.org/TR/xhtml1/DTD/xhtml1-transitional.dtd">
<html xmlns="http://www.w3.org/1999/xhtml" xml:lang="en" lang="en">
 <head>
  <title>
</title>
<meta http-equiv="Content-Type" content="text/html;charset=utf-8" />
  <meta name='ocr-system' content='tesseract 3.04.00' />
  <meta name='ocr-capabilities' content='ocr_page ocr_carea ocr_par ocr_line ocrx_word'/>
</head>
<body>
  <div class='ocr_page' id='page_1' title='image "./eutropiibreviar03verhgoog_0020.png"; bbox 0 0 2870 4628; ppageno 0'>
   <div class='ocr_carea' id='block_1_1' title="bbox 548 274 2182 385">
    <p class='ocr_par' dir='ltr' id='par_1_1' title="bbox 548 274 2182 385">
     <span class='ocr_line' id='line_1_1' title="bbox 548 274 2182 385; baseline -0.003 0"><span class='ocrx_word' id='word_1_1' title='bbox 548 312 720 385; x_wconf 67' lang='grc' dir='ltr'>ΧΠ</span> <span class='ocrx_word' id='word_1_2' title='bbox 1033 274 2182 380; x_wconf 75' lang='lat' dir='ltr'>PRAEFATIO.</span> 
     </span>
    </p>
   </div>
   <div class='ocr_carea' id='block_1_2' title="bbox 546 446 2618 4167">
    <p class='ocr_par' dir='ltr' id='par_1_2' title="bbox 546 446 2618 4162">
     <span class='ocr_line' id='line_1_2' title="bbox 548 446 2616 574; baseline 0 -27"><span class='ocrx_word' id='word_1_3' title='bbox 548 456 763 574; x_wconf 88' lang='lat' dir='ltr'>quod</span> <span class='ocrx_word' id='word_1_4' title='bbox 840 474 1137 570; x_wconf 83' lang='lat' dir='ltr'>praeter</span> <span class='ocrx_word' id='word_1_5' title='bbox 1202 455 1663 546; x_wconf 84' lang='lat' dir='ltr'>Suetonium</span> <span class='ocrx_word' id='word_1_6' title='bbox 1700 518 1729 561; x_wconf 89' lang='lat'>,</span> <span class='ocrx_word' id='word_1_7' title='bbox 1805 463 1998 544; x_wconf 78' lang='lat' dir='ltr'>Aur.</span> <span class='ocrx_word' id='word_1_8' title='bbox 2055 456 2400 545; x_wconf 65' lang='lat' dir='ltr'>Vistoris</span> <span class='ocrx_word' id='word_1_9' title='bbox 2452 446 2616 547; x_wconf 60' lang='lat' dir='ltr'>Est-r</span> 
     </span>
     <span class='ocr_line' id='line_1_3' title="bbox 548 569 2610 683; baseline -0.001 -19"><span class='ocrx_word' id='word_1_10' title='bbox 548 592 858 683; x_wconf 80' lang='lat' dir='ltr'>eerpta,</span> <span class='ocrx_word' id='word_1_11' title='bbox 904 570 1163 656; x_wconf 85' lang='lat' dir='ltr'>itidem</span> <span class='ocrx_word' id='word_1_12' title='bbox 1207 569 1558 676; x_wconf 82' lang='lat' dir='ltr'>Eutropii</span> <span class='ocrx_word' id='word_1_13' title='bbox 1606 570 1867 657; x_wconf 76' lang='lat' dir='ltr'>decem</span> <span class='ocrx_word' id='word_1_14' title='bbox 1906 573 2394 677; x_wconf 65' lang='lat' dir='ltr'>libros,&amp;1&gt;.</span> <span class='ocrx_word' id='word_1_15' title='bbox 2422 578 2610 661; x_wconf 71' lang='lat' dir='ltr'>Dia-</span> 
     </span>
     <span class='ocr_line' id='line_1_4' title="bbox 547 681 2605 793; baseline -0.001 -18"><span class='ocrx_word' id='word_1_16' title='bbox 547 688 731 775; x_wconf 83' lang='lat' dir='ltr'>coni</span> <span class='ocrx_word' id='word_1_17' title='bbox 779 685 963 773; x_wconf 68' lang='lat' dir='ltr'>octo</span> <span class='ocrx_word' id='word_1_18' title='bbox 1017 684 1320 770; x_wconf 83' lang='lat' dir='ltr'>exhibet</span> <span class='ocrx_word' id='word_1_19' title='bbox 1355 741 1385 786; x_wconf 84' lang='lat'>‚</span> <span class='ocrx_word' id='word_1_20' title='bbox 1461 681 1744 767; x_wconf 85' lang='lat' dir='ltr'>ibidem</span> <span class='ocrx_word' id='word_1_21' title='bbox 1796 687 2143 771; x_wconf 80' lang='lat' dir='ltr'>Veneriis</span> <span class='ocrx_word' id='word_1_22' title='bbox 2195 686 2404 793; x_wconf 83' lang='lat' dir='ltr'>apud</span> <span class='ocrx_word' id='word_1_23' title='bbox 2462 693 2605 773; x_wconf 53' lang='lat' dir='ltr'>Ab</span> 
     </span>
     <span class='ocr_line' id='line_1_5' title="bbox 549 795 2614 908; baseline 0.002 -23"><span class='ocrx_word' id='word_1_24' title='bbox 549 800 737 887; x_wconf 85' lang='lat' dir='ltr'>dum</span> <span class='ocrx_word' id='word_1_25' title='bbox 811 805 914 886; x_wconf 87' lang='lat' dir='ltr'>A.</span> <span class='ocrx_word' id='word_1_26' title='bbox 979 814 1303 884; x_wconf 74' lang='lat' dir='ltr'>Mnxxr.</span> <span class='ocrx_word' id='word_1_27' title='bbox 1382 816 1412 879; x_wconf 93' lang='lat' dir='ltr'>t</span> <span class='ocrx_word' id='word_1_28' title='bbox 1480 799 1596 902; x_wconf 77' lang='lat' dir='ltr'>pis</span> <span class='ocrx_word' id='word_1_29' title='bbox 1677 795 2124 908; x_wconf 86' lang='lat' dir='ltr'>descriptum</span> <span class='ocrx_word' id='word_1_30' title='bbox 2181 798 2351 904; x_wconf 86' lang='lat' dir='ltr'>est,</span> <span class='ocrx_word' id='word_1_31' title='bbox 2434 826 2614 889; x_wconf 81' lang='lat' dir='ltr'>cum</span> 
     </span>
     <span class='ocr_line' id='line_1_6' title="bbox 547 911 2607 1027; baseline -0.002 -26"><span class='ocrx_word' id='word_1_32' title='bbox 547 913 813 1001; x_wconf 80' lang='lat' dir='ltr'>eadem</span> <span class='ocrx_word' id='word_1_33' title='bbox 855 913 1164 1027; x_wconf 81' lang='lat' dir='ltr'>Egnatii</span> <span class='ocrx_word' id='word_1_34' title='bbox 1210 911 1394 993; x_wconf 82' lang='lat' dir='ltr'>Prae</span> <span class='ocrx_word' id='word_1_35' title='bbox 1432 912 1710 995; x_wconf 86' lang='lat' dir='ltr'>atione.</span> <span class='ocrx_word' id='word_1_36' title='bbox 1827 913 2044 998; x_wconf 81' lang='lat' dir='ltr'>Haec</span> <span class='ocrx_word' id='word_1_37' title='bbox 2087 913 2229 996; x_wconf 86' lang='lat' dir='ltr'>Ed.</span> <span class='ocrx_word' id='word_1_38' title='bbox 2269 941 2311 996; x_wconf 87' lang='lat' dir='ltr'>a</span> <span class='ocrx_word' id='word_1_39' title='bbox 2352 917 2607 1020; x_wconf 88' lang='lat' dir='ltr'>priore</span> 
     </span>
     <span class='ocr_line' id='line_1_7' title="bbox 550 1021 2618 1136; baseline -0.001 -22"><span class='ocrx_word' id='word_1_40' title='bbox 550 1025 907 1114; x_wconf 82' lang='lat' dir='ltr'>nonnihil</span> <span class='ocrx_word' id='word_1_41' title='bbox 972 1021 1224 1109; x_wconf 83' lang='lat' dir='ltr'>differt</span> <span class='ocrx_word' id='word_1_42' title='bbox 1244 1052 1268 1131; x_wconf 81' lang='lat'>3</span> <span class='ocrx_word' id='word_1_43' title='bbox 1340 1024 1673 1107; x_wconf 80' lang='lat' dir='ltr'>minime</span> <span class='ocrx_word' id='word_1_44' title='bbox 1731 1043 1986 1109; x_wconf 85' lang='lat' dir='ltr'>tamen</span> <span class='ocrx_word' id='word_1_45' title='bbox 2041 1052 2230 1136; x_wconf 79' lang='lat' dir='ltr'>pura</span> <span class='ocrx_word' id='word_1_46' title='bbox 2275 1027 2382 1111; x_wconf 84' lang='lat' dir='ltr'>est</span> <span class='ocrx_word' id='word_1_47' title='bbox 2422 1087 2446 1127; x_wconf 89' lang='lat'>‚</span> <span class='ocrx_word' id='word_1_48' title='bbox 2528 1040 2618 1112; x_wconf 67' lang='lat' dir='ltr'>uts</span> 
     </span>
     <span class='ocr_line' id='line_1_8' title="bbox 549 1138 2610 1249; baseline -0.001 -23"><span class='ocrx_word' id='word_1_49' title='bbox 549 1166 799 1249; x_wconf 85' lang='lat' dir='ltr'>neque</span> <span class='ocrx_word' id='word_1_50' title='bbox 848 1138 1191 1247; x_wconf 72' lang='lat' dir='ltr'>prioreS,</span> <span class='ocrx_word' id='word_1_51' title='bbox 1242 1163 1702 1245; x_wconf 83' lang='lat' dir='ltr'>quamquam</span> <span class='ocrx_word' id='word_1_52' title='bbox 1751 1139 2003 1223; x_wconf 79' lang='lat' dir='ltr'>minus</span> <span class='ocrx_word' id='word_1_53' title='bbox 2059 1142 2610 1248; x_wconf 83' lang='lat' dir='ltr'>interpolatae,</span> 
     </span>
     <span class='ocr_line' id='line_1_9' title="bbox 551 1247 2606 1366; baseline -0.001 -26"><span class='ocrx_word' id='word_1_54' title='bbox 551 1252 980 1364; x_wconf 79' lang='lat' dir='ltr'>praesertim</span> <span class='ocrx_word' id='word_1_55' title='bbox 1024 1251 1247 1335; x_wconf 83' lang='lat' dir='ltr'>libris·</span> <span class='ocrx_word' id='word_1_56' title='bbox 1267 1247 1804 1359; x_wconf 80' lang='lat' dir='ltr'>posterioribus</span> <span class='ocrx_word' id='word_1_57' title='bbox 1827 1314 1850 1355; x_wconf 92' lang='lat'>‚</span> <span class='ocrx_word' id='word_1_58' title='bbox 1880 1278 2106 1360; x_wconf 86' lang='lat' dir='ltr'>quam</span> <span class='ocrx_word' id='word_1_59' title='bbox 2130 1279 2322 1364; x_wconf 85' lang='lat' dir='ltr'>quae</span> <span class='ocrx_word' id='word_1_60' title='bbox 2342 1254 2606 1366; x_wconf 83' lang='lat' dir='ltr'>Egna-</span> 
     </span>
     <span class='ocr_line' id='line_1_10' title="bbox 550 1362 2610 1476; baseline 0 -26"><span class='ocrx_word' id='word_1_61' title='bbox 550 1369 640 1452; x_wconf 86' lang='lat' dir='ltr'>tii</span> <span class='ocrx_word' id='word_1_62' title='bbox 683 1362 1272 1476; x_wconf 72' lang='lat' dir='ltr'>praecesserunt,</span> <span class='ocrx_word' id='word_1_63' title='bbox 1333 1389 1484 1473; x_wconf 84' lang='lat' dir='ltr'>qua</span> <span class='ocrx_word' id='word_1_64' title='bbox 1521 1362 1620 1446; x_wconf 88' lang='lat' dir='ltr'>de</span> <span class='ocrx_word' id='word_1_65' title='bbox 1662 1390 1742 1448; x_wconf 88' lang='lat' dir='ltr'>re</span> <span class='ocrx_word' id='word_1_66' title='bbox 1783 1391 1830 1448; x_wconf 88' lang='lat' dir='ltr'>a</span> <span class='ocrx_word' id='word_1_67' title='bbox 1871 1364 2108 1454; x_wconf 78' lang='lat' dir='ltr'><strong>L.v1.</strong></span> <span class='ocrx_word' id='word_1_68' title='bbox 2148 1392 2403 1451; x_wconf 84' lang='lat' dir='ltr'>earum</span> <span class='ocrx_word' id='word_1_69' title='bbox 2455 1366 2610 1450; x_wconf 84' lang='lat' dir='ltr'><strong>Va·-</strong></span> 
     </span>
     <span class='ocr_line' id='line_1_11' title="bbox 548 1475 2616 1565; baseline -0 -2"><span class='ocrx_word' id='word_1_70' title='bbox 548 1484 833 1565; x_wconf 78' lang='lat' dir='ltr'>riantes</span> <span class='ocrx_word' id='word_1_71' title='bbox 904 1477 1315 1562; x_wconf 70' lang='lat' dir='ltr'>Lectiones</span> <span class='ocrx_word' id='word_1_72' title='bbox 1386 1475 1654 1559; x_wconf 76' lang='lat' dir='ltr'>ceteris</span> <span class='ocrx_word' id='word_1_73' title='bbox 1725 1477 2015 1563; x_wconf 82' lang='lat' dir='ltr'>inserui.</span> <span class='ocrx_word' id='word_1_74' title='bbox 2172 1475 2616 1563; x_wconf 74' lang='lat' dir='ltr'>Parifienses&#39;</span> 
     </span>
     <span class='ocr_line' id='line_1_12' title="bbox 552 1587 2607 1700; baseline -0.001 -22"><span class='ocrx_word' id='word_1_75' title='bbox 552 1612 809 1678; x_wconf 83' lang='lat' dir='ltr'>autem</span> <span class='ocrx_word' id='word_1_76' title='bbox 851 1597 957 1677; x_wconf 78' lang='lat'>8⁰.</span> <span class='ocrx_word' id='word_1_77' title='bbox 995 1587 1201 1697; x_wconf 83' lang='lat' dir='ltr'>apud</span> <span class='ocrx_word' id='word_1_78' title='bbox 1224 1592 1303 1674; x_wconf 90' lang='lat' dir='ltr'>S.</span> <span class='ocrx_word' id='word_1_79' title='bbox 1326 1589 1781 1675; x_wconf 81' lang='lat' dir='ltr'>Colinaeum</span> <span class='ocrx_word' id='word_1_80' title='bbox 1804 1593 2607 1700; x_wconf 78' lang='lat' dir='ltr'>‚quas·A.1uoxx1x.-</span> 
     </span>
     <span class='ocr_line' id='line_1_13' title="bbox 552 1701 2607 1808; baseline -0.001 -17"><span class='ocrx_word' id='word_1_81' title='bbox 552 1722 949 1791; x_wconf 69' lang='lat' dir='ltr'>ltnxxxr.</span> <span class='ocrx_word' id='word_1_82' title='bbox 994 1702 1080 1786; x_wconf 73' lang='grc' dir='ltr'>δι</span> <span class='ocrx_word' id='word_1_83' title='bbox 1120 1719 1389 1787; x_wconf 70' lang='lat' dir='ltr'>moxi..</span> <span class='ocrx_word' id='word_1_84' title='bbox 1442 1701 1797 1808; x_wconf 77' lang='lat' dir='ltr'>inpreffae</span> <span class='ocrx_word' id='word_1_85' title='bbox 1835 1704 2162 1789; x_wconf 87' lang='lat' dir='ltr'>recenset</span> <span class='ocrx_word' id='word_1_86' title='bbox 2185 1704 2607 1807; x_wconf 85' lang='lat' dir='ltr'>Maittaire,</span> 
     </span>
     <span class='ocr_line' id='line_1_14' title="bbox 552 1811 2610 1927; baseline -0 -24"><span class='ocrx_word' id='word_1_87' title='bbox 552 1845 721 1903; x_wconf 84' lang='lat' dir='ltr'>non</span> <span class='ocrx_word' id='word_1_88' title='bbox 774 1814 1032 1901; x_wconf 89' lang='lat' dir='ltr'>videre</span> <span class='ocrx_word' id='word_1_89' title='bbox 1076 1817 1451 1927; x_wconf 83' lang='lat' dir='ltr'>contigit,</span> <span class='ocrx_word' id='word_1_90' title='bbox 1509 1811 1632 1899; x_wconf 89' lang='lat' dir='ltr'>sed</span> <span class='ocrx_word' id='word_1_91' title='bbox 1672 1842 1798 1900; x_wconf 77' lang='lat' dir='ltr'>eas</span> <span class='ocrx_word' id='word_1_92' title='bbox 1850 1842 1950 1900; x_wconf 80' lang='lat' dir='ltr'>ex</span> <span class='ocrx_word' id='word_1_93' title='bbox 1997 1813 2302 1901; x_wconf 82' lang='lat' dir='ltr'>Aldinis</span> <span class='ocrx_word' id='word_1_94' title='bbox 2346 1817 2610 1926; x_wconf 75' lang='lat' dir='ltr'>Egna-</span> 
     </span>
     <span class='ocr_line' id='line_1_15' title="bbox 557 1926 2614 2039; baseline 0 -23"><span class='ocrx_word' id='word_1_95' title='bbox 557 1931 692 2033; x_wconf 84' lang='lat' dir='ltr'>tii,</span> <span class='ocrx_word' id='word_1_96' title='bbox 747 1928 1148 2039; x_wconf 77' lang='lat' dir='ltr'>descriptas</span> <span class='ocrx_word' id='word_1_97' title='bbox 1190 1926 1331 2013; x_wconf 84' lang='lat' dir='ltr'>effe</span> <span class='ocrx_word' id='word_1_98' title='bbox 1380 1954 1503 2013; x_wconf 88' lang='lat' dir='ltr'>me</span> <span class='ocrx_word' id='word_1_99' title='bbox 1538 1927 1867 2014; x_wconf 82' lang='lat' dir='ltr'>docuere</span> <span class='ocrx_word' id='word_1_100' title='bbox 1925 1927 2105 2014; x_wconf 85' lang='lat' dir='ltr'>bina</span> <span class='ocrx_word' id='word_1_101' title='bbox 2144 1930 2614 2037; x_wconf 69' lang='lat' dir='ltr'>exemplaria</span> 
     </span>
     <span class='ocr_line' id='line_1_16' title="bbox 551 2041 2614 2152; baseline -0 -23"><span class='ocrx_word' id='word_1_102' title='bbox 551 2041 763 2152; x_wconf 78' lang='lat' dir='ltr'>apud</span> <span class='ocrx_word' id='word_1_103' title='bbox 844 2041 1202 2127; x_wconf 87' lang='lat' dir='ltr'>eumdem</span> <span class='ocrx_word' id='word_1_104' title='bbox 1280 2043 1735 2127; x_wconf 82' lang='lat' dir='ltr'>Colinaeum</span> <span class='ocrx_word' id='word_1_105' title='bbox 1825 2048 1930 2128; x_wconf 87' lang='lat' dir='ltr'>A.</span> <span class='ocrx_word' id='word_1_106' title='bbox 1991 2059 2460 2127; x_wconf 76' lang='lat' dir='ltr'>Mnxxxix.</span> <span class='ocrx_word' id='word_1_107' title='bbox 2527 2043 2614 2128; x_wconf 73' lang='grc' dir='ltr'>δε</span> 
     </span>
     <span class='ocr_line' id='line_1_17' title="bbox 553 2157 2610 2263; baseline -0.001 -21"><span class='ocrx_word' id='word_1_108' title='bbox 553 2179 896 2242; x_wconf 76' lang='lat' dir='ltr'>Mnxmr.</span> <span class='ocrx_word' id='word_1_109' title='bbox 939 2157 1103 2240; x_wconf 78' lang='lat' dir='ltr'>aliis</span> <span class='ocrx_word' id='word_1_110' title='bbox 1140 2181 1303 2238; x_wconf 89' lang='lat' dir='ltr'>non</span> <span class='ocrx_word' id='word_1_111' title='bbox 1352 2178 1814 2257; x_wconf 76' lang='lat' dir='ltr'>memorata,</span> <span class='ocrx_word' id='word_1_112' title='bbox 1877 2182 2073 2263; x_wconf 87' lang='lat' dir='ltr'>quae</span> <span class='ocrx_word' id='word_1_113' title='bbox 2117 2182 2242 2240; x_wconf 79' lang='lat' dir='ltr'>eas</span> <span class='ocrx_word' id='word_1_114' title='bbox 2289 2157 2386 2240; x_wconf 89' lang='lat' dir='ltr'>ad</span> <span class='ocrx_word' id='word_1_115' title='bbox 2442 2176 2610 2241; x_wconf 85' lang='lat' dir='ltr'>ver·-</span> 
     </span>
     <span class='ocr_line' id='line_1_18' title="bbox 553 2266 2610 2378; baseline -0.002 -22"><span class='ocrx_word' id='word_1_116' title='bbox 553 2269 739 2356; x_wconf 85' lang='lat' dir='ltr'>bum</span> <span class='ocrx_word' id='word_1_117' title='bbox 803 2274 1290 2377; x_wconf 82' lang='lat' dir='ltr'>exprimunt,</span> <span class='ocrx_word' id='word_1_118' title='bbox 1346 2266 1996 2378; x_wconf 83' lang='lat' dir='ltr'>quemadmodum</span> <span class='ocrx_word' id='word_1_119' title='bbox 2056 2271 2309 2377; x_wconf 85' lang='lat' dir='ltr'>plures</span> <span class='ocrx_word' id='word_1_120' title='bbox 2365 2266 2610 2375; x_wconf 68' lang='lat' dir='ltr'>Indi,</span> 
     </span>
     <span class='ocr_line' id='line_1_19' title="bbox 550 2380 2607 2502; baseline 0 -34"><span class='ocrx_word' id='word_1_121' title='bbox 550 2386 1013 2502; x_wconf 85' lang='lat' dir='ltr'>Juntarurn,</span> <span class='ocrx_word' id='word_1_122' title='bbox 1080 2382 1167 2466; x_wconf 72' lang='grc' dir='ltr'>δι</span> <span class='ocrx_word' id='word_1_123' title='bbox 1226 2383 1574 2468; x_wconf 86' lang='lat' dir='ltr'>Colinaei</span> <span class='ocrx_word' id='word_1_124' title='bbox 1633 2380 2008 2465; x_wconf 86' lang='lat' dir='ltr'>editiones</span> <span class='ocrx_word' id='word_1_125' title='bbox 2052 2384 2267 2490; x_wconf 80' lang='lat' dir='ltr'>saepe</span> <span class='ocrx_word' id='word_1_126' title='bbox 2300 2402 2607 2469; x_wconf 83' lang='lat' dir='ltr'>tantum</span> 
     </span>
     <span class='ocr_line' id='line_1_20' title="bbox 554 2489 2609 2607; baseline -0.001 -25"><span class='ocrx_word' id='word_1_127' title='bbox 554 2500 910 2607; x_wconf 79' lang='lat' dir='ltr'>repetitas</span> <span class='ocrx_word' id='word_1_128' title='bbox 965 2493 1314 2582; x_wconf 86' lang='lat' dir='ltr'>eamdem</span> <span class='ocrx_word' id='word_1_129' title='bbox 1385 2493 1790 2578; x_wconf 64' lang='lat' dir='ltr'>ledtionem</span> <span class='ocrx_word' id='word_1_130' title='bbox 1841 2489 1995 2578; x_wconf 82' lang='lat' dir='ltr'>fine</span> <span class='ocrx_word' id='word_1_131' title='bbox 2053 2497 2203 2580; x_wconf 84' lang='lat' dir='ltr'>ulla</span> <span class='ocrx_word' id='word_1_132' title='bbox 2253 2496 2609 2582; x_wconf 84' lang='lat' dir='ltr'>immuta-</span> 
     </span>
     <span class='ocr_line' id='line_1_21' title="bbox 551 2604 2612 2707; baseline -0 -12"><span class='ocrx_word' id='word_1_133' title='bbox 551 2611 770 2695; x_wconf 84' lang='lat' dir='ltr'>ti0ne</span> <span class='ocrx_word' id='word_1_134' title='bbox 828 2609 1159 2707; x_wconf 82' lang='lat' dir='ltr'>servare,</span> <span class='ocrx_word' id='word_1_135' title='bbox 1214 2606 1283 2690; x_wconf 86' lang='lat' dir='ltr'>se</span> <span class='ocrx_word' id='word_1_136' title='bbox 1344 2604 1753 2690; x_wconf 77' lang='lat' dir='ltr'>observasse</span> <span class='ocrx_word' id='word_1_137' title='bbox 1815 2608 2045 2690; x_wconf 85' lang='lat' dir='ltr'>literis</span> <span class='ocrx_word' id='word_1_138' title='bbox 2100 2605 2199 2691; x_wconf 85' lang='lat' dir='ltr'>ad</span> <span class='ocrx_word' id='word_1_139' title='bbox 2244 2635 2368 2692; x_wconf 87' lang='lat' dir='ltr'>me</span> <span class='ocrx_word' id='word_1_140' title='bbox 2405 2607 2612 2694; x_wconf 71' lang='lat' dir='ltr'>datis</span> 
     </span>
     <span class='ocr_line' id='line_1_22' title="bbox 556 2717 2608 2831; baseline -0 -23"><span class='ocrx_word' id='word_1_141' title='bbox 556 2721 863 2808; x_wconf 85' lang='lat' dir='ltr'>monuit</span> <span class='ocrx_word' id='word_1_142' title='bbox 920 2717 1451 2803; x_wconf 77' lang='lat' dir='ltr'>Nobilissimus</span> <span class='ocrx_word' id='word_1_143' title='bbox 1519 2718 2120 2825; x_wconf 69' lang='lat' dir='ltr'>Meet-manum,</span> <span class='ocrx_word' id='word_1_144' title='bbox 2176 2721 2295 2805; x_wconf 88' lang='lat' dir='ltr'>cui</span> <span class='ocrx_word' id='word_1_145' title='bbox 2354 2718 2608 2831; x_wconf 86' lang='lat' dir='ltr'>poste-</span> 
     </span>
     <span class='ocr_line' id='line_1_23' title="bbox 550 2827 2610 2920; baseline -0.001 0"><span class='ocrx_word' id='word_1_146' title='bbox 550 2838 831 2920; x_wconf 86' lang='lat' dir='ltr'>riorem</span> <span class='ocrx_word' id='word_1_147' title='bbox 869 2833 1217 2917; x_wconf 81' lang='lat' dir='ltr'>Colinaei</span> <span class='ocrx_word' id='word_1_148' title='bbox 1253 2827 1669 2916; x_wconf 88' lang='lat' dir='ltr'>editionem</span> <span class='ocrx_word' id='word_1_149' title='bbox 1709 2831 1977 2917; x_wconf 79' lang='lat' dir='ltr'>debet).</span> <span class='ocrx_word' id='word_1_150' title='bbox 2047 2833 2175 2919; x_wconf 86' lang='lat' dir='ltr'>Ab</span> <span class='ocrx_word' id='word_1_151' title='bbox 2218 2833 2330 2918; x_wconf 81' lang='lat' dir='ltr'>his</span> <span class='ocrx_word' id='word_1_152' title='bbox 2355 2836 2610 2920; x_wconf 85' lang='lat' dir='ltr'>omni-</span> 
     </span>
     <span class='ocr_line' id='line_1_24' title="bbox 553 2942 2610 3058; baseline 0 -26"><span class='ocrx_word' id='word_1_153' title='bbox 553 2947 696 3036; x_wconf 85' lang='lat' dir='ltr'>bus</span> <span class='ocrx_word' id='word_1_154' title='bbox 721 2952 960 3058; x_wconf 85' lang='lat' dir='ltr'>longe</span> <span class='ocrx_word' id='word_1_155' title='bbox 1006 2944 1365 3029; x_wconf 85' lang='lat' dir='ltr'>diversam</span> <span class='ocrx_word' id='word_1_156' title='bbox 1397 2942 1832 3030; x_wconf 84' lang='lat' dir='ltr'>Editionem</span> <span class='ocrx_word' id='word_1_157' title='bbox 1863 2943 2349 3032; x_wconf 81' lang='lat' dir='ltr'>Bafileensem</span> <span class='ocrx_word' id='word_1_158' title='bbox 2398 2945 2610 3058; x_wconf 76' lang='lat' dir='ltr'>apu&#39;d</span> 
     </span>
     <span class='ocr_line' id='line_1_25' title="bbox 553 3055 2610 3167; baseline 0 -20"><span class='ocrx_word' id='word_1_159' title='bbox 553 3059 1017 3147; x_wconf 86' lang='lat' dir='ltr'>Frobenium</span> <span class='ocrx_word' id='word_1_160' title='bbox 1044 3062 1146 3144; x_wconf 91' lang='lat' dir='ltr'>A.</span> <span class='ocrx_word' id='word_1_161' title='bbox 1168 3082 1555 3142; x_wconf 79' lang='lat' dir='ltr'>Moxxxn.</span> <span class='ocrx_word' id='word_1_162' title='bbox 1578 3055 1711 3143; x_wconf 84' lang='lat' dir='ltr'>fol.</span> <span class='ocrx_word' id='word_1_163' title='bbox 1741 3085 2298 3167; x_wconf 82' lang='lat' dir='ltr'>nonnunquam</span> <span class='ocrx_word' id='word_1_164' title='bbox 2321 3062 2391 3145; x_wconf 86' lang='lat' dir='ltr'>se</span> <span class='ocrx_word' id='word_1_165' title='bbox 2417 3090 2610 3147; x_wconf 72' lang='lat' dir='ltr'>con-</span> 
     </span>
     <span class='ocr_line' id='line_1_26' title="bbox 547 3171 2608 3286; baseline 0 -26"><span class='ocrx_word' id='word_1_166' title='bbox 547 3171 833 3262; x_wconf 81' lang='lat' dir='ltr'>suluisse</span> <span class='ocrx_word' id='word_1_167' title='bbox 867 3174 973 3257; x_wconf 85' lang='lat' dir='ltr'>ait</span> <span class='ocrx_word' id='word_1_168' title='bbox 1012 3172 1485 3286; x_wconf 85' lang='lat' dir='ltr'>Sylburgius.</span> <span class='ocrx_word' id='word_1_169' title='bbox 1611 3173 1827 3258; x_wconf 84' lang='lat' dir='ltr'>Haec</span> <span class='ocrx_word' id='word_1_170' title='bbox 1878 3199 2112 3281; x_wconf 84' lang='lat' dir='ltr'>penes</span> <span class='ocrx_word' id='word_1_171' title='bbox 2173 3200 2294 3258; x_wconf 88' lang='lat' dir='ltr'>me</span> <span class='ocrx_word' id='word_1_172' title='bbox 2346 3173 2508 3277; x_wconf 84' lang='lat' dir='ltr'>est,</span> <span class='ocrx_word' id='word_1_173' title='bbox 2558 3202 2608 3261; x_wconf 82' lang='lat' dir='ltr'>a</span> 
     </span>
     <span class='ocr_line' id='line_1_27' title="bbox 546 3285 2616 3401; baseline 0.002 -32"><span class='ocrx_word' id='word_1_174' title='bbox 546 3286 1053 3401; x_wconf 71' lang='lat' dir='ltr'>Sigismundo</span> <span class='ocrx_word' id='word_1_175' title='bbox 1090 3285 1424 3370; x_wconf 85' lang='lat' dir='ltr'>Gelenio</span> <span class='ocrx_word' id='word_1_176' title='bbox 1462 3310 1911 3393; x_wconf 81' lang='lat' dir='ltr'>procurata,</span> <span class='ocrx_word' id='word_1_177' title='bbox 1966 3288 2420 3394; x_wconf 84' lang='lat' dir='ltr'>Eutropium</span> <span class='ocrx_word' id='word_1_178' title='bbox 2476 3286 2616 3373; x_wconf 58' lang='lat' dir='ltr'>dec</span> 
     </span>
     <span class='ocr_line' id='line_1_28' title="bbox 550 3398 2610 3514; baseline 0.001 -28"><span class='ocrx_word' id='word_1_179' title='bbox 550 3405 781 3513; x_wconf 78' lang='lat' dir='ltr'>euplo</span> <span class='ocrx_word' id='word_1_180' title='bbox 864 3407 1224 3506; x_wconf 81' lang='lat' dir='ltr'>majorem</span> <span class='ocrx_word' id='word_1_181' title='bbox 1287 3398 1699 3499; x_wconf 77' lang='lat' dir='ltr'>exhiben8‚</span> <span class='ocrx_word' id='word_1_182' title='bbox 1754 3398 1837 3482; x_wconf 68' lang='grc' dir='ltr'>δι</span> <span class='ocrx_word' id='word_1_183' title='bbox 1892 3399 2128 3482; x_wconf 84' lang='lat' dir='ltr'>tribus</span> <span class='ocrx_word' id='word_1_184' title='bbox 2189 3426 2278 3483; x_wconf 83' lang='lat' dir='ltr'>ac</span> <span class='ocrx_word' id='word_1_185' title='bbox 2353 3403 2610 3514; x_wconf 85' lang='lat' dir='ltr'>vigin-</span> 
     </span>
     <span class='ocr_line' id='line_1_29' title="bbox 554 3511 2609 3623; baseline 0.001 -24"><span class='ocrx_word' id='word_1_186' title='bbox 554 3515 613 3599; x_wconf 84' lang='lat' dir='ltr'>ti</span> <span class='ocrx_word' id='word_1_187' title='bbox 698 3514 902 3599; x_wconf 77' lang='lat' dir='ltr'>libris</span> <span class='ocrx_word' id='word_1_188' title='bbox 950 3511 1327 3598; x_wconf 84' lang='lat' dir='ltr'>historiam</span> <span class='ocrx_word' id='word_1_189' title='bbox 1392 3511 1493 3596; x_wconf 75' lang='lat' dir='ltr'>ad</span> <span class='ocrx_word' id='word_1_190' title='bbox 1551 3513 1838 3596; x_wconf 79' lang='lat' dir='ltr'>Leonis</span> <span class='ocrx_word' id='word_1_191' title='bbox 1916 3533 2262 3621; x_wconf 83' lang='lat' dir='ltr'>tempora</span> <span class='ocrx_word' id='word_1_192' title='bbox 2315 3514 2609 3623; x_wconf 81' lang='lat' dir='ltr'>produ·</span> 
     </span>
     <span class='ocr_line' id='line_1_30' title="bbox 550 3623 2608 3739; baseline 0 -26"><span class='ocrx_word' id='word_1_193' title='bbox 550 3653 733 3713; x_wconf 83' lang='lat' dir='ltr'>cens</span> <span class='ocrx_word' id='word_1_194' title='bbox 788 3631 949 3739; x_wconf 85' lang='lat' dir='ltr'>(A.</span> <span class='ocrx_word' id='word_1_195' title='bbox 1010 3628 1156 3711; x_wconf 84' lang='lat' dir='ltr'>Ch.</span> <span class='ocrx_word' id='word_1_196' title='bbox 1206 3623 1565 3733; x_wconf 83' lang='lat' dir='ltr'>nccevr.)</span> <span class='ocrx_word' id='word_1_197' title='bbox 1676 3625 1825 3710; x_wconf 90' lang='lat' dir='ltr'>Cui</span> <span class='ocrx_word' id='word_1_198' title='bbox 1889 3647 2146 3712; x_wconf 86' lang='lat' dir='ltr'>ortum</span> <span class='ocrx_word' id='word_1_199' title='bbox 2208 3626 2421 3713; x_wconf 87' lang='lat' dir='ltr'>suum</span> <span class='ocrx_word' id='word_1_200' title='bbox 2475 3628 2608 3715; x_wconf 84' lang='lat' dir='ltr'>de·</span> 
     </span>
     <span class='ocr_line' id='line_1_31' title="bbox 549 3734 2608 3847; baseline 0 -23"><span class='ocrx_word' id='word_1_201' title='bbox 549 3741 680 3824; x_wconf 86' lang='lat' dir='ltr'>bet</span> <span class='ocrx_word' id='word_1_202' title='bbox 702 3737 1034 3826; x_wconf 83' lang='lat' dir='ltr'>Historia</span> <span class='ocrx_word' id='word_1_203' title='bbox 1054 3740 1390 3826; x_wconf 84' lang='lat' dir='ltr'>Miscena</span> <span class='ocrx_word' id='word_1_204' title='bbox 1414 3803 1439 3843; x_wconf 89' lang='lat'>‚</span> <span class='ocrx_word' id='word_1_205' title='bbox 1474 3764 1666 3847; x_wconf 82' lang='lat' dir='ltr'>quae</span> <span class='ocrx_word' id='word_1_206' title='bbox 1684 3797 1713 3838; x_wconf 82' lang='lat'>‚</span> <span class='ocrx_word' id='word_1_207' title='bbox 1729 3734 1861 3822; x_wconf 84' lang='lat' dir='ltr'>etfi</span> <span class='ocrx_word' id='word_1_208' title='bbox 1888 3764 2105 3824; x_wconf 79' lang='lat' dir='ltr'>xxiv.</span> <span class='ocrx_word' id='word_1_209' title='bbox 2165 3739 2399 3826; x_wconf 84' lang='lat' dir='ltr'>libros</span> <span class='ocrx_word' id='word_1_210' title='bbox 2420 3766 2608 3825; x_wconf 88' lang='lat' dir='ltr'>con-</span> 
     </span>
     <span class='ocr_line' id='line_1_32' title="bbox 552 3847 2606 3955; baseline 0.003 -19"><span class='ocrx_word' id='word_1_211' title='bbox 552 3856 789 3954; x_wconf 85' lang='lat' dir='ltr'>tinet,</span> <span class='ocrx_word' id='word_1_212' title='bbox 844 3854 941 3936; x_wconf 83' lang='lat' dir='ltr'>ab</span> <span class='ocrx_word' id='word_1_213' title='bbox 992 3853 1132 3940; x_wconf 84' lang='lat' dir='ltr'>hac</span> <span class='ocrx_word' id='word_1_214' title='bbox 1188 3854 1531 3938; x_wconf 83' lang='lat' dir='ltr'>editione</span> <span class='ocrx_word' id='word_1_215' title='bbox 1578 3850 1764 3940; x_wconf 79' lang='lat' dir='ltr'>nihil</span> <span class='ocrx_word' id='word_1_216' title='bbox 1811 3849 1967 3940; x_wconf 83' lang='lat' dir='ltr'>fere</span> <span class='ocrx_word' id='word_1_217' title='bbox 2017 3847 2326 3955; x_wconf 85' lang='lat' dir='ltr'>differt,</span> <span class='ocrx_word' id='word_1_218' title='bbox 2381 3852 2467 3935; x_wconf 69' lang='grc' dir='ltr'>δε</span> <span class='ocrx_word' id='word_1_219' title='bbox 2518 3854 2606 3942; x_wconf 86' lang='lat' dir='ltr'>in</span> 
     </span>
     <span class='ocr_line' id='line_1_33' title="bbox 548 3961 2602 4162; baseline -0.002 -111"><span class='ocrx_word' id='word_1_220' title='bbox 548 3965 910 4066; x_wconf 79' lang='lat' dir='ltr'>eumdem</span> <span class='ocrx_word' id='word_1_221' title='bbox 975 3966 1323 4055; x_wconf 86' lang='lat' dir='ltr'>Leonem</span> <span class='ocrx_word' id='word_1_222' title='bbox 1393 3961 1670 4054; x_wconf 75' lang='lat' dir='ltr'>desinit</span> <span class='ocrx_word' id='word_1_223' title='bbox 1704 4028 1734 4076; x_wconf 85' lang='lat'>,</span> <span class='ocrx_word' id='word_1_224' title='bbox 1807 3984 1892 4055; x_wconf 82' lang='lat' dir='ltr'>ut</span> <span class='ocrx_word' id='word_1_225' title='bbox 1945 3964 2115 4053; x_wconf 88' lang='lat' dir='ltr'>libri</span> <span class='ocrx_word' id='word_1_226' title='bbox 2164 3967 2602 4162; x_wconf 77' lang='lat' dir='ltr'>tantumhin</span> 
     </span>
    </p>

    <p class='ocr_par' dir='ltr' id='par_1_3' title="bbox 2522 4102 2613 4167">
     <span class='ocr_line' id='line_1_34' title="bbox 2522 4102 2613 4167; baseline 0.044 -4"><span class='ocrx_word' id='word_1_227' title='bbox 2522 4102 2613 4167; x_wconf 74' lang='lat' dir='ltr'>ac</span> 
     </span>
    </p>
   </div>
  </div>
 </body>
</html>
