2870 4628
1031 287 2141 376 TESTdMoNIA.

576 471 738 525 cum
786 447 912 520 alia
959 445 1302 543 quaedam
1329 499 1350 533 ‚
1393 443 1672 531 :eodem
1717 440 1942 534 teste,
2003 463 2153 520 tum
2198 446 2611 526 breviarium

573 544 834 640 scripfit
875 568 1100 617 rerum
1137 539 1619 617 Romanarum
1663 545 1771 615 ab.
1814 539 1911 615 V.
1950 543 2027 615 C.
2079 569 2297 642 usque
2341 547 2425 618 ad
2468 551 2519 619 F
2524 549 2611 622 la·

571 647 772 718 vium
814 645 1192 715 Valentem
1229 640 1619 737 Augustum
1642 681 1669 730 9
1718 640 1832 714 cui
1868 636 1946 715 ἃ
1984 665 2158 737 opus
2198 641 2392 716 suum
2430 647 2611 722 dica.

572 744 706 816 vit.
814 739 1142 814 Militaffe
1182 740 1250 813 se
1283 741 1384 813 ait
1418 742 1537 832 sub
1573 739 1890 836 Juliano,
1943 759 2152 836 atque
2183 741 2615 837 expeditioni

571 844 725 937 ejus
764 841 832 912 in
879 840 1109 912 Persas
1154 834 1565 912 interfuiffo.
1672 837 1836 939 Quo
1875 833 1950 909 St
1991 839 2347 933 pertinent
2396 844 2616 915 verba

575 939 870 1030 Georgii
905 936 1161 1010 Codini
1191 939 1266 1010 in
1299 935 1594 1010 Seleffls
1622 938 1712 1009 de
1762 943 1799 992 ⁴
1839 935 2251 1032 Originibus
2282 937 2614 1012 Constan-

569 1035 1230 1130 stantinopolitanis.
1337 1034 1616 1106 Laudat
1644 1057 1815 1107 vero
1842 1055 2005 1108 eum
2036 1032 2286 1108 testem
2318 1035 2388 1109 in
2420 1040 2622 1111 rebus

569 1131 1006 1208 Constantini
1039 1133 1335 1230 Magni,
1381 1155 1560 1226 quae
1588 1132 1814 1206 oculis
1846 1131 1978 1205 suis
2019 1131 2264 1208 vidisse
2296 1157 2458 1207 eum
2497 1139 2618 1210 ait.

561 1227 812 1330 fitque
859 1255 948 1305 ex
982 1231 1090 1306 his
1120 1252 1318 1326 patet
1348 1252 1542 1305 error
1572 1229 1959 1304 Ptolomaei
2012 1228 2503 1329 [Lucenfis,]
2548 1232 2623 1306 ἅ

568 1331 780 1429 hujus
823 1332 893 1404 se
940 1327 1359 1403 auctoritate
1399 1329 1664 1401 tuentis
1707 1328 2078 1422 Raphae’lis
2123 1329 2627 1420 Volaterrani,

570 1433 691 1523 qui
740 1428 1157 1524 Eutropium
1207 1425 1399 1501 bunc
1446 1424 1644 1499 fuiss'e
1693 1444 2025 1523 putarunt
2072 1426 2497 1523 discipulum
2549 1432 2626 1504 Β.

566 1524 964 1622 Augustini.
1069 1525 1274 1626 Quae
1300 1521 1373 1598 Gt
1406 1526 1751 1599 sententia
1779 1523 1879 1598 est
1914 1523 2245 1612 Gesneri,
2295 1524 2374 1599 ἃ
2408 1524 2628 1602 Eism-

561 1625 779 1721 'grinii
799 1676 824 1714 ,
875 1620 954 1697 ἃ
986 1623 1056 1697 T
1061 1622 1353 1697 heodori
1384 1621 1765 1717 Zuingcri‚
1797 1622 2094 1695 Theatri
2125 1620 2223 1694 sui
2256 1626 2631 1700 volumine

565 1724 705 1797 VI.
758 1722 916 1795 Lib.
960 1722 1046 1795 11.
1099 1721 1190 1796 ad
1241 1720 1416 1795 haec
1458 1719 1809 1798 Poffevini
1852 1720 1925 1794 in
1967 1721 2330 1814 Apparatu
2384 1722 2634 1816 sacro,

561 1841 773 1916 atque
802 1820 1119 1893 aliorum.
1169 1821 1252 1906 1‚n
1291 1842 1604 1892 errorem
1631 1839 1875 1892 omnes
1907 1841 2029 1891 eos
2063 1819 2384 1914 impulit,
2439 1824 2636 1917 quod

565 1917 972 1994 Gennadius
1003 1917 1073 1989 in
1105 1914 1462 1990 illustrium
1490 1917 1819 1990 Virorum
1848 1917 2173 2014 catalogo
2202 1918 2635 2015 Eutropium

563 2014 914 2115 quendam
945 2013 1245 2101 referat,
1293 2013 1382 2088 de
1412 2037 1553 2112 quo
1587 2015 1772 2090 hunc
1804 2014 1877 2087 in
1916 2012 2207 2088 modum
2237 2020 2430 2110 apud
2469 2043 2635 2093 eum

558 2113 851 2212 legitur:
906 2165 957 2203 „
1008 2113 1388 2203 Eutropius
1418 2114 1783 2208 presbyter
1820 2110 2084 2206 scripsit
2115 2113 2200 2187 ad
2234 2115 2412 2192 duas
2445 2117 2636 2192 soro·

491 2255 505 2276 x
561 2267 616 2306 ,‚
665 2235 813 2301 τες,
865 2211 1148 2286 ancillas
1195 2210 1491 2298 Christi,
1538 2234 1721 2307 quae
1770 2214 1863 2286 ob
1912 2211 2374 2288 devotionem
2423 2219 2633 2311 pudi-

560 2365 614 2407 ,‚
662 2312 914 2403 citiae,
965 2307 1393 2410 &amorem
1429 2308 1829 2408 religionis,
1882 2309 2356 2387 exheredatae
2395 2317 2554 2390 sunt
2594 2314 2636 2391 ὲι

561 2464 615 2504 ,,
664 2410 1118 2507 parentibus,
1145 2406 1491 2502 ‚epistolas
1522 2409 1591 2482 in
1626 2407 1912 2482 modum
1951 2409 2348 2486 libellorum
2385 2416 2637 2489 conso-

559 2562 620 2603 „
672 2511 1005 2595 latoriaS,
1058 2508 1370 2604 eleganti
1411 2505 1486 2579 ἃ
1535 2526 1780 2599 aperto
1831 2509 2147 2580 sermone
2191 2509 2375 2585 duas
2404 2569 2429 2601 ‚
2485 2537 2631 2590 non

558 2664 608 2697 ,‚
660 2606 879 2680 solum
908 2605 1218 2683 ratione,
1254 2604 1368 2677 sed
1400 2604 1614 2676 etiam
1650 2602 2066 2679 testimoniis
2095 2608 2635 2703 scripturarum

554 2758 610 2799 ‚‚
659 2707 959 2776 munitas
1003 2696 1048 2729 ’⁹
1150 2700 1492 2774 Meminit
1538 2720 1776 2775 autem
1814 2703 1964 2794 eius
2004 2703 2431 2783 Gennadius
2474 2709 2636 2806 post

553 2799 1067 2897 Augustinum,
1108 2798 1477 2887 Orosium,
1525 2801 1722 2875 alios.
1779 2802 1996 2875 Hunc
2024 2802 2123 2875 illi
2159 2803 2310 2878 esse
2346 2810 2639 2885 brev-ia-

553 2901 640 2977 rii
673 2899 1080 2993 scriptorem
1111 2897 1580 2972 crediderunt.
1650 2896 1791 2971 Sed
1824 2916 2143 2996 tempora
2172 2924 2637 3004 repugnant,

556 3023 720 3075 cum
758 2994 995 3073 auftor
1036 2996 1414 3079 breviarii,
1471 2994 1946 3084 Constantini,
1998 2998 2146 3093 ejus
2180 3000 2643 3097 liberorum,

553 3095 849 3195 Juliani‚
887 3094 1218 3188 Joviani,
1247 3091 1341 3167 ἃ
1374 3094 1701 3169 Valentis
1732 3097 2159 3193 temporibus
2192 3102 2512 3179 vixerit:
2567 3127 2647 3182 at

552 3216 694 3281 non
725 3197 906 3281 ‚item
946 3191 1309 3281 Gratiani,
1355 3213 1485 3265 aut
1526 3192 1959 3281 Theodofii3
2010 3195 2259 3271 saltem
2309 3223 2465 3277 non
2506 3204 2649 3278 At.

551 3293 776 3383 cadii,
825 3288 901 3364 &
933 3288 1274 3364 Honorii:
1325 3310 1401 3361 ut
1431 3290 1827 3387 Augustino
1852 3290 1991 3366 effe
2013 3292 2259 3388 junior
2290 3322 2443 3373 non
2478 3325 2652 3396 pos·

551 3391 659 3465 fit.
760 3388 1057 3461 Adhaec
1094 3388 1209 3462 ille
1243 3387 1619 3462 Gennadio
1654 3411 2079 3464 memoratus
2116 3398 2520 3493 presbyter
2564 3425 2641 3478 e·

550 3506 697 3563 rat:
729 3507 820 3559 ’at
858 3486 976 3559 hic
1013 3509 1102 3558 an
1137 3485 1565 3560 christianus
1597 3477 1854 3578 fixerit,
1903 3490 2157 3563 merito
2188 3498 2651 3596 ambigitur,

526 3610 715 3671 eum
741 3587 1061 3665 -reticeat
1105 3583 1655 3661 Christianorum
1705 3588 2240 3682 persecutiones
2280 3593 2379 3667 X.
2439 3621 2533 3674 ac
2569 3599 2650 3675 in

549 3684 861 3856 goviano
913 3701 1155 3778 aperte
1201 3682 1484 3757 suadeat
1529 3681 1914 3777 perfidiam.
2020 3686 2191 3760 Scio
2241 3690 2392 3767 effe
2425 3751 2450 3783 ‚
2521 3699 2652 3796 qui

612 3780 1016 3854 hristianum
1050 3777 1254 3856 fuiss‘e
1283 3783 1624 3880 colligant
1655 3782 1956 3874 exinde,
1982 3785 2171 3882 quod
2209 3790 2310 3866 de
2346 3794 2657 3892 Juliano

559 3908 568 3987 ζ
781 3980 790 3991 .
2034 3898 2041 3903 '
2478 3894 2655 3973 scri-

557 4002 566 4011 ’
619 4031 660 4089 4
696 4008 845 4075 vide
871 4012 1047 4091 supra.
1584 4002 1593 4011 ’
1739 4006 1745 4021 ‘
