2870 4628
989 199 2237 349 onDiCArroNEs

582 427 786 502 tione
832 423 1134 498 veniret.
1184 420 1646 511 Semidoffls,
1695 423 1858 521 quid
1891 424 2088 499 dico!
2146 424 2626 504 adolescentu-

581 526 670 599 lis
690 578 712 612 ,
740 540 938 598 certe
966 521 1051 596 iis
1073 523 1191 621 qui
1226 521 1468 597 Musas
1499 520 1960 598 Academicas
1986 548 2026 598 a
2047 524 2287 599 limine
2314 526 2620 623 primum

579 623 919 712 salutant,
967 620 1086 694 hic
1127 643 1311 695 ame
1357 621 1553 693 labor
1585 619 1935 715 susceptus
1972 619 2098 695 est.
2200 623 2468 697 Frustra
2522 626 2623 700 ini

577 720 673 792 ad
718 720 1180 794 maximarum
1216 740 1449 791 rerum
1482 720 1921 792 numerosam
1953 721 2233 816 copiam
2266 744 2413 795 uno
2441 724 2617 797 saltu

576 817 1160 909 introducuntur,
1206 815 1254 889 fi
1287 840 1431 890 non
1460 836 1626 889 ante
1650 817 1723 889 in
1756 838 2124 891 numerato
2147 820 2451 892 babeant
2479 822 2617 893 Hi-

583 915 841 995 storiae
881 918 1248 992 Romanae
1276 916 1568 989 brevem
1600 914 1810 988 talem
1842 914 1878 1012 (
1894 935 1969 989 ut
2005 917 2108 991 ita
2138 918 2418 1017 dicam)
2447 919 2622 991 scia-

578 1015 985 1109 graphiam,
1034 1016 1309 1110 qualem
1355 1035 1566 1087 nemo
1615 1014 1975 1103 omnium,
2040 1033 2381 1113 quotquot
2423 1014 2621 1105 sunt,

576 1111 912 1201 fuerunt,
954 1113 1140 1187 inter
1169 1111 1770 1206 Compendiorum
1798 1112 2226 1208 Scriptores,
2272 1115 2621 1205 Eutropio

577 1211 946 1289 meliorem
983 1212 1157 1285 dare
1199 1211 1488 1304 poterit.
1596 1209 1744 1284 Hic
1788 1232 1983 1285 certe
2031 1212 2448 1307 Tanaquillo
2499 1214 2624 1283 Fa·

578 1309 756 1399 bro,
789 1311 1156 1384 accerrimi
1171 1307 1419 1400 judicii
1457 1306 1657 1397 viro,
1685 1308 2106 1384 subscribere
2139 1312 2411 1400 debeo,
2449 1310 2624 1382 Puer

573 1403 746 1501 scire
777 1409 979 1480 multa
1022 1408 1281 1479 videtur
1316 1403 1501 1501 (nec
1536 1428 1713 1498 puer
1745 1424 2061 1497 tantum,
2116 1406 2341 1484 sed&
2385 1407 2619 1482 adole·

577 1502 778 1579 scens
803 1503 883 1577 &
910 1505 1065 1604 vir)
1115 1506 1265 1606 dung
1286 1505 1450 1599 legit
1474 1556 1497 1593 ,
1543 1527 1701 1601 quae
1731 1504 1931 1599 nescit
1966 1523 2223 1580 tamen:

673 1703 853 1777 Nam
895 1701 1117 1792 videt,
1163 1716 1281 1776 aut
1327 1703 1467 1776 vidi
1520 1727 1553 1775 e
1589 1718 1790 1800 putat
1828 1721 1948 1800 per
1995 1702 2216 1778 nubila
2260 1702 2544 1777 Lunam.

571 1899 857 1997 Reliqui
888 1900 1128 1997 itaque
1143 1896 1832 1975 Commentatoribus
1860 1899 1904 1973 s
1893 1898 1996 1973 uis
2023 1899 2264 1972 omnia
2294 1898 2573 1994 integra
2590 1889 2620 1989 ‘,

577 2000 709 2076 nist
749 1997 875 2073 ubi
917 1998 1024 2077 bis
1070 1998 1260 2071 idem
1300 1997 1550 2073 iisdem
1583 1996 1939 2071 diceretur
1970 1997 2246 2086 verbis,
2294 1998 2478 2093 quod
2519 2019 2628 2071 re·

576 2099 729 2199 peti
764 2093 1042 2171 necess‘e
1068 2096 1361 2172 minime
1392 2095 1574 2183 fuit;
1603 2097 1717 2170 De
1745 2095 2044 2175 Cellario
2071 2093 2301 2180 adhuc
2330 2112 2624 2168 monere

576 2198 743 2292 quid
777 2197 1033 2269 habeo.
1128 2193 1308 2268 Dixi
1344 2193 1695 2290 superius,
1747 2193 1940 2267 illum
1974 2192 2081 2268 bis
2122 2193 2195 2266 in
2237 2194 2464 2267 lucem
2502 2192 2627 2266 de·

572 2296 750 2372 diffe
779 2291 1236 2389 Eutropium,
1261 2292 1470 2370 Cizae
1501 2294 1801 2388 primum
1821 2347 1842 2382 ,
1897 2289 2161 2366 deinde
2192 2290 2449 2390 viginti
2479 2289 2625 2365 sive

581 2393 1042 2493 undeviginti
1069 2393 1271 2467 annis
1299 2390 1456 2488 post
1484 2391 1749 2487 Jenae,
1799 2412 2004 2489 quam
2038 2390 2442 2465 Editionem
2473 2392 2626 2485 plus

577 2493 796 2569 semei
831 2492 1209 2585 repetitam
1243 2488 1451 2564 fuiss'e
1487 2490 1790 2563 maxime
1834 2489 1908 2562 in
1948 2486 2141 2560 usum
2176 2489 2628 2579 scholarum,

576 2591 840 2687 collegi
868 2613 956 2663 ex
978 2588 1192 2661 titulo
1220 2587 1536 2660 aliarum.
1609 2588 1692 2659 In
1724 2585 1977 2661 eadem
2005 2585 2341 2661 editione‘
2353 2587 2633 2661 Graeca

577 2691 865 2764 Paeami
894 2706 1040 2758 non
1071 2707 1162 2758 ex
1190 2685 1481 2757 adverso
1511 2684 1780 2759 Latinis
1812 2680 2128 2782 oppofita
2161 2685 2357 2775 sunt,
2377 2706 2628 2760 verum

576 2784 872 2863 inferius
900 2779 1252 2872 suffeaa,
1299 2780 1497 2875 cujus
1526 2782 1630 2856 rei
1662 2784 2009 2857 rationem
2035 2782 2158 2855 dat
2192 2784 2525 2858 Cellarius
2558 2785 2632 2857 in

584 2885 809 2961 Nova
836 2882 1007 2955 Prae
1041 2881 1308 2954 atione.
1362 2878 1444 2955 N
1447 2903 1525 2953 os
1554 2880 1831 2955 Graeca
1859 2881 2171 2976 separata
2198 2882 2286 2954 ab
2321 2882 2469 2975 ipso
2490 2883 2631 2955 Eu-

581 2981 822 3078 tropio
853 2978 1209 3056 dedimus:
1239 2975 1441 3052 ficati
1470 2978 1660 3053 enim
1690 2978 1884 3052 reste
1914 2981 2002 3053 ab
2035 2979 2288 3054 eodem
2324 2980 2628 3055 Cellario

579 3078 927 3157 studiosae
960 3076 1321 3173 juventuti
1363 3099 1525 3150 cum
1565 3076 1913 3170 Eutropio
1956 3079 2240 3173 elegans
2283 3078 2432 3173 ejus
2462 3078 2629 3151 Me·

581 3175 970 3274 taphrastes
1014 3174 1388 3270 plurimum
1423 3174 1994 3265 commendatur,
2039 3174 2142 3248 ita
2180 3175 2253 3248 in
2298 3195 2630 3273 tyronum

577 3276 737 3352 usus
770 3274 1062 3370 privatis
1091 3294 1369 3369 quoque
1392 3271 1849 3347 Lectionibus
1879 3271 2134 3346 eodem
2164 3274 2265 3346 uti
2298 3273 2629 3362 decrevi,

581 3396 664 3450 ut
696 3378 798 3450 ita
827 3375 1164 3470 juventus
1194 3369 1386 3449 fimul
1421 3369 1754 3445 adluefiat
1796 3372 2117 3445 Graecae
2162 3372 2504 3461 ubertati,
2551 3369 2632 3445 δε

582 3473 954 3549 Historiae
972 3470 1377 3556 Romanae,
1430 3471 1579 3542 imo
1610 3467 1914 3543 univerfi
1944 3470 2198 3559 Orbis,
2222 3492 2350 3565 per
2381 3488 2492 3543 tot
2522 3469 2628 3545 se·

581 3574 743 3645 cula
764 3625 788 3659 ,
839 3568 1173 3644 facillime
1224 3566 1525 3640 imbibat
1570 3567 1927 3641 notitiam.
2028 3571 2343 3664 ingenue
2387 3586 2632 3641 autem

579 3668 794 3744 fateri
825 3666 994 3740 volo
1039 3688 1156 3740 me
1201 3662 1471 3759 semper
1510 3664 1736 3760 prima
1763 3664 2041 3738 Cellarii
2075 3665 2397 3739 editione
2436 3664 2636 3739 usum

580 3766 786 3842 fuisse
816 3818 839 3850 ‚
906 3762 1360 3859 posteriorem
1413 3784 1590 3835 vero
1640 3761 1728 3835 ad
1778 3785 2021 3837 manus
2068 3786 2257 3838 meas
2306 3760 2577 3838 veniss'e
2610 3818 2634 3853 ‚

582 3887 797 3961 quum
824 3861 971 3959 jam
1002 3862 1089 3934 ad
1121 3860 1336 3935 finem
1368 3861 1773 3954 opusculum
1803 3861 1945 3932 hoc
1972 3859 2340 3954 speaaret.
2406 3860 2638 3937 Nolui

585 3981 827 4041 tamen
867 3956 1204 4039 studiosos
1235 3959 1660 4041 cellarianae
1697 3958 2121 4042 eruditionis
2152 3957 2478 4039 fraudare
2514 3983 2642 4033 au-

1780 4112 1787 4117 ·
2399 4080 2652 4159 gruen-
