2870 4628
851 300 2258 392 PRAEFATIO.

517 509 900 600 Batavac
943 517 1131 593 ante
1170 562 1196 605 ‚
1270 515 1367 587 ut
1401 500 1824 603 videbatur
1848 560 1879 605 ,
1934 501 2447 613 negligentius
2494 500 2632 587 itt-3

494 618 842 738 spellam
863 677 892 722 ,
941 616 1123 726 fuit
1164 615 1714 701 recurrendum
1731 674 1760 716 ,
1829 631 2115 701 eventu
2167 640 2319 703 non
2353 611 2621 720 infeli-

516 740 639 833 εἰς
695 758 872 865 nqm
913 735 996 816 in
1031 727 1402 839 Supplem.
1443 729 1841 839 exemplar
1884 729 2396 813 Goltzianum
2413 788 2447 831 ,
2504 726 2625 814 ad

514 849 730 957 cujus
771 867 993 930 oram
1037 839 1333 927 eaedem
1367 902 1395 944 ‚
1464 856 1555 927 ut
1565 838 2027 953 suspicabar
2054 903 2079 944 ‚
2138 841 2612 927 conlationes

515 958 839 1043 notaetac
893 953 1349 1040 dicebantur
1385 1011 1416 1056 ,
1495 950 1774 1063 offcndi
1810 978 1846 1051 ,·
1916 980 2153 1065 neque
2194 950 2608 1065 inspellum

493 1066 798 1183 fefellit
843 1072 1268 1181 opinionem.
1387 1066 1537 1153 Ad
1592 1067 2097 1178 Exemplaris
2150 1073 2348 1151 enim
2379 1065 2607 1177 hujus

514 1196 738 1269 cram
788 1207 934 1266 non
970 1179 1220 1292 solum
1272 1204 1535 1269 eorum
1550 1236 1581 1284 ,
1708 1204 1836 1263 uos
1869 1178 2227 1286 conferre
2263 1178 2606 1285 institue·

519 1309 668 1385 rat
740 1294 896 1380 Cel.
958 1296 1461 1381 Burmannus
1496 1353 1524 1393 ,
1734 1296 2048 1376 Storum
2116 1291 2605 1376 Conlationes

511 1422 932 1523 perpetuae
959 1416 1197 1489 erant
1231 1404 1529 1519 adlitae
1548 1462 1579 1507 ‚
1611 1400 1761 1515 sed
1810 1401 1925 1507 ἐφ’
1969 1404 2072 1488 ab
2112 1405 2385 1488 altera
2430 1430 2603 1486 ma-

512 1546 619 1605 nu
640 1518 974 1605 alterius
999 1517 1230 1601 MSti
1240 1518 1566 1601 conlatio
1591 1515 1703 1601 ad
1729 1517 2002 1601 calcem
2040 1510 2340 1625 rejedla‘.
2394 1513 2499 1625 Ip
2531 1540 2597 1601 a

518 1634 599 1716 G
605 1631 824 1715 oltzii
845 1630 1076 1716 editio
1101 1686 1128 1730 ,
1146 1632 1355 1739 cujus
1381 1627 1495 1735 &²
1510 1644 1909 1714 contextus
1928 1626 2042 1732 ἐφ’
2060 1630 2426 1737 marginis
2434 1627 2587 1712 Le-

508 1736 839 1831 Hionum
864 1746 1341 1827 varietatem
1361 1769 1518 1827 una
1537 1743 1821 1827 contuli
1839 1737 2159 1856 ‚simque
2176 1738 2591 1849 Iocosubje-

510 1860 627 1960 ci,
666 1856 967 1964 Brugis
1002 1852 1524 1937 Flandrorum
1544 1859 1649 1939 A.
1675 1876 2011 1945 Monxv.
2034 1852 2141 1959 est
2176 1849 2538 1965 inpreſja.

623 1967 849 2076 Quae
883 1980 1140 2051 autem
1154 1991 1196 2050 e
1223 1965 1421 2051 MSt
1429 1992 1643 2052 orum
1662 1965 2207 2050 conlationibus
2242 1983 2444 2076 prae
2476 1991 2590 2051 ce‹

511 2083 713 2169 teris
708 2074 802 2190 fi’
824 2076 1387 2162 commendabat
1407 2141 1432 2179 ,
1458 2106 1499 2164 c
1523 2076 1774 2163 Libro
1793 2080 2392 2164 Membranaceo
2407 2094 2590 2162 erat

507 2190 895 2302 dqlcripta
916 2248 944 2293 ‚
1004 2205 1096 2275 ut
1154 2190 1265 2277 ad
1276 2189 1510 2295 finem
1567 2190 1750 2283 haec
1788 2190 2304 2300 demonstrant
2319 2214 2361 2286 ‚⁶
2431 2191 2512 2274 H
2519 2190 2593 2274 ic

508 2303 817 2390 Nonnii
863 2303 1048 2386 liber
1084 2302 1701 2389 membranaceus
1741 2303 2051 2413 striptus
2087 2302 2583 2418 estaJoanne

500 2411 872 2523 Cat-pensi
911 2415 1077 2500 cive
1117 2417 1497 2502 Ferrariae
1533 2441 1638 2523 24
1657 2415 2038 2502 Februarii
2094 2418 2315 2526 1468.
2339 2415 2580 2501 colla-

509 2549 677 2614 tum
711 2526 810 2613 ad
851 2531 1239 2635 exemplar
1278 2533 1437 2613 Sex
1476 2526 1651 2613 Rufi
1692 2558 1735 2609 a
1782 2527 2108 2614 Goltzio
2144 2525 2587 2637 impreffum

503 2640 788 2756 Brugis
813 2639 1313 2728 Flandrorum
1332 2668 1544 2727 anno
1574 2643 1727 2748 156
1738 2664 1799 2748 ς.
1822 2641 2062 2734 Initio
2093 2658 2356 2728 autem
2396 2640 2583 2726 baec

497 2754 773 2840 Alvari
797 2754 1101 2838 Nonnii
1143 2752 1494 2840 ledkionis
1534 2757 1854 2838 varietas
1880 2751 2269 2864 destripta.
2325 2755 2427 2840 In
2446 2779 2578 2837 no·

496 2865 608 2955 tis
627 2923 657 2969 ‚
698 2882 786 2949 ut
814 2894 868 2950 a
908 2865 1083 2951 Cod.
1134 2866 1520 2976 Leidenfi,
1546 2894 1764 2981 quem
1800 2869 2042 2954 litera
2088 2868 2180 2952 L.
2219 2867 2581 2977 signavi,

498 2982 915 3090 ceterisque
969 2976 1494 3090 distinguatur
1514 3041 1539 3082 ,
1592 2980 1905 3068 literam
1948 2979 2036 3065 N
2065 2979 2462 3093 praefirt.

609 3086 749 3172 Ab
785 3088 1052 3178 altera
1093 3117 1326 3180 manu
1359 3108 1526 3177 tres
1548 3093 1908 3204 reliquae
1923 3110 2158 3180 erant
2197 3093 2575 3194 conlatae,

495 3225 831 3395 guarum
893 3205 1154 3311 prima
1225 3203 1525 3290 Pithoei
1591 3207 1875 3289 Codicis
1928 3206 2260 3290 conlatio
2312 3210 2393 3290 in
2416 3204 2571 3312 fine

547 3340 679 3396 acc
715 3309 1113 3424 adscripta
1151 3313 1376 3400 habet
1402 3347 1429 3400 .·
1485 3317 1801 3402 Contuli
1862 3344 2035 3402 cum
2094 3316 2389 3403 Pithoei
2430 3316 2573 3401 Pa-

494 3422 770 3509 rifienfi
831 3429 1211 3532 antiquius
1277 3427 1489 3512 edito
1575 3437 1618 3542 (
1652 3433 1861 3541 cusas
1896 3427 2142 3538 fimel
2214 3434 2298 3515 in
2369 3433 2563 3515 Var.

494 3533 708 3622 Lea.
779 3545 1054 3625 mentio
1101 3539 1269 3646 fit)
1344 3539 1428 3623 &
1495 3542 1581 3628 Β.
1644 3543 1711 3623 b.
1785 3563 2106 3647 utroque
2164 3538 2567 3627 Bafileenfi

493 3645 673 3732 MS.
738 3678 835 3733 ex
893 3651 1365 3737 Babliotheca
1421 3654 1545 3738 Pe.
1608 3655 1902 3739 Pithoei
1970 3652 2265 3742 Parissis
2332 3662 2559 3761 ιςῖὸ.

490 3759 583 3836 In
642 3762 879 3846 altero
931 3768 1342 3873 exemplari
1405 3768 1577 3851 MS.
1651 3772 1955 3881 reliqua
2015 3797 2108 3852 ne
2143 3768 2556 3853 divinando

488 3872 779 3977 quidem
796 3882 1158 3988 conjicere
1176 3885 1422 3987 potui,
1442 3908 1900 3992 quamquam
1924 3880 2119 3966 hunc
2114 3881 2359 3990 ffi'ffi'
2383 3878 2539 3964 cod.

481 3978 667 4066 MS.
718 4000 909 4092 puto
936 4050 962 4093 ,
1014 3991 1229 4099 cujus
1263 3993 1590 4081 conlatio
1632 3994 1745 4083 ad
1777 4020 1993 4081 oram
2030 4012 2218 4083 erat
2256 3994 2497 4082 adlita
2515 4046 2546 4091 2

2124 4171 2137 4182 .
2302 4105 2554 4221 (quia
