2870 4628
950 202 2207 294 DED1CAT10NES

973 451 1157 527 AD
1301 447 2177 525 LECTOREM

757 643 2401 791 PRAEFATIO

414 900 421 908 ’
563 910 1757 1026 CHRISTOPHORI
1841 911 2603 1022 CELLARH.
2721 968 2730 975 ·

766 1179 855 1229 on
905 1174 1155 1228 omnes
1206 1148 1391 1224 idem
1427 1149 1519 1223 de
1552 1145 1993 1223 historiarum
2027 1152 2468 1249 compendiis
2494 1155 2609 1252 ju·

809 1254 1068 1327 dicant.
1120 1251 1335 1336 Sunt,
1386 1249 1504 1345 qui
1544 1244 1938 1342 Justinum,
1988 1252 2303 1339 Florum,
2353 1251 2606 1347 Xiphi-

590 1378 778 1427 mum
826 1347 1347 1443 reprehendunt
1376 1397 1404 1435 ,
1452 1345 1641 1441 quod
1686 1345 1962 1419 illorum
2001 1364 2218 1442 opera
2262 1352 2610 1447 intempe-

560 1451 743 1525 stiva
776 1446 1033 1521 faecum
1068 1443 1185 1530 fit,
1213 1462 1289 1517 ut
1316 1444 1700 1519 uberrimas
1735 1443 1964 1539 Trogi
1996 1448 2611 1545 Pompeji,Livii,

559 1547 825 1624 Dionis.
850 1543 1049 1619 caffii
1083 1540 1438 1629 historias,
1489 1542 1760 1638 ingenti
1793 1543 1896 1616 rei
1928 1545 2276 1620 literariae
2307 1547 2610 1638 damno,

561 1646 678 1718 vel
712 1641 1221 1738 perdiderimus
1252 1662 1539 1731 omnes,
1591 1638 1702 1712 vel
1733 1640 2128 1719 decurtatas
2159 1664 2370 1738 atque
2400 1643 2610 1740 infig-

561 1745 750 1816 niter
776 1740 1125 1815 mutilatas
1154 1739 1553 1817 habeamus.
1612 1738 1757 1814 Alii
1784 1760 2028 1815 contra
2055 1741 2427 1838 benignius
2458 1746 2615 1817 sen·

562 1843 748 1916 tiunt
780 1840 870 1912 de
889 1834 1292 1928 supradiffis
1315 1837 1894 1931 compendiorum
1918 1836 2394 1933 scriptoribus.
2426 1841 2610 1919 Non

562 1938 754 2014 enim
784 1937 1107 2010 omnibus
1138 1937 1249 2007 vel
1281 1934 1688 2027 ingenium,
1737 1934 1851 2007 vel
1880 1936 2105 2013 otium
2136 1938 2481 2033 suppetit,
2531 1958 2614 2015 ut

558 2038 843 2133 longam
885 2031 1314 2107 historiarum
1362 2034 1618 2113 seriem·
1650 2054 2093 2127 percurrant,
2143 2032 2221 2108 δι
2249 2034 2298 2108 fi
2334 2038 2617 2132 quando

561 2134 1077 2232 percurrerint,
1129 2130 1398 2203 illarum
1428 2131 1746 2204 ordinelu
1779 2132 2157 2206 memoriae
2186 2132 2476 2207 infixum
2501 2134 2612 2209 fe·

563 2234 799 2307 liciter
836 2234 1247 2318 retineant,
1286 2248 1448 2330 cum
1487 2229 1597 2302 vel
1633 2230 1881 2303 aetatis
1914 2229 2357 2306 imbecillitas
2387 2233 2614 2328 impe·

564 2333 881 2407 dimento
920 2330 1042 2419 fit,
1092 2329 1217 2403 vel
1260 2328 1408 2402 aliis
1447 2328 1890 2422 negotiorum
1922 2328 2301 2404 multitudo
2323 2329 2618 2424 aobstet,

567 2454 713 2526 quo
744 2429 974 2503 minus
1006 2444 1126 2500 aut
1159 2423 1466 2498 sufficere
1498 2425 1596 2498 illi
1618 2446 1769 2510 ,aut
1797 2426 1868 2499 hi
1894 2448 2146 2500 vacare
2175 2428 2429 2522 poffint
2460 2446 2610 2505 ma·

566 2551 757 2623 gnae
809 2525 1012 2599 molis
1066 2523 1534 2596 voluminibus
1592 2521 2081 2598 historicorum
2129 2527 2610 2624 perlegendi&-

570 2629 766 2699 Bene
804 2645 965 2696 cum
1000 2622 1107 2694 his
1145 2618 1259 2713 agi
1291 2617 1609 2704 videtur,
1663 2616 1709 2691 fi
1749 2619 2085 2711 habeant,
2134 2623 2384 2718 quibus
2416 2625 2614 2702 duci·

576 2724 751 2810 bus,
797 2718 875 2792 δι
903 2717 1105 2791 brevi
1149 2735 1469 2809 tempore
1504 2712 1582 2788 <Sc
1614 2738 1829 2811 parvo
1867 2719 2149 2810 labore,
2201 2722 2451 2817 poffint
2500 2748 2614 2800 res

574 2841 865 2914 magnas
900 2815 1288 2909 multasque
1320 2814 1787 2910 cognoscere,
1835 2815 2123 2912 illasque
2154 2820 2268 2893 vel
2312 2822 2500 2895 vitae
2531 2820 2614 2898 δε

574 2917 890 2991 moribus
918 2913 1051 2987 suis
1079 2912 1195 2984 vel
1227 2913 1430 2985 rebus
1460 2912 1786 3004 gerendis
1819 2915 2189 3007 applicare.
2285 2919 2460 2994 Non
2506 2919 2613 2993 fa·

576 3015 717 3096 cile
743 3010 1158 3087 crediderim
1177 3063 1198 3094 ‚
1230 3010 1341 3082 vel
1374 3007 1643 3104 Justino
1659 3060 1687 3099 ,
1715 3013 1826 3086 vel
1861 3013 2265 3108 xiphilino‚
2310 3018 2425 3091 vel
2453 3018 2508 3089 F
2509 3017 2616 3093 lo·

576 3135 660 3186 ro
697 3114 915 3196 ctiam
955 3104 1381 3204 propositum
1400 3104 1645 3197 fuisse,
1697 3127 1773 3181 ut
1802 3111 2080 3206 majoris
2113 3111 2487 3189 industriae
2515 3117 2612 3192 la·

577 3213 788 3287 bores
828 3207 1315 3294 obscurarent,
1371 3224 1531 3288 aut,
1583 3229 1720 3302 quo
1759 3209 2064 3305 negletti
2111 3211 2620 3307 perderentur,

577 3305 938 3383 confilium
970 3327 1267 3401 unquam
1299 3301 1609 3396 agitass'e.
1699 3304 1777 3376 Id
1808 3306 2044 3399 potius
2073 3308 2143 3381 in
2174 3309 2413 3384 animo
2444 3310 2616 3386 fuis·

446 3412 451 3420 '
486 3419 511 3492 ,“
581 3405 654 3481 se
682 3405 998 3493 videtur,
1049 3423 1125 3474 ut
1161 3402 1265 3473 his
1291 3401 1449 3495 ipfis
1480 3403 1919 3497 compendiis
1945 3404 2030 3477 ad
2065 3407 2374 3504 integras
2400 3407 2616 3484 histo·

581 3504 714 3578 rias
745 3501 1201 3598 perlegendas
1229 3497 1698 3588 adducerent,
1727 3520 1846 3574 aut
1875 3499 2110 3576 saltem
2140 3503 2266 3594 iis,
2294 3529 2465 3603 quos
2494 3509 2613 3584 vel

580 3605 804 3674 otium
845 3599 958 3671 vel
991 3597 1351 3693 ingenium
1388 3595 1719 3687 deficiat,
1765 3600 2223 3699 qualicunque
2261 3606 2620 3681 brevitate

582 3696 976 3769 consultum
1023 3714 1208 3769 eant.
1308 3694 1446 3766 Sed
1482 3696 1646 3766 nolo
1691 3694 1960 3769 illorum
2006 3701 2621 3794 patrociniumsu-

578 3791 892 3887 scipere,
940 3795 1057 3888 qui
1100 3793 1183 3866 ad
1225 3790 1437 3864 nostri
1472 3791 1792 3890 Eutropii
1821 3794 2209 3871 institutum
2239 3800 2621 3875 rationem·

498 3915 503 3919 ·
583 3913 721 3993 que
747 3888 922 3967 nihil
949 3896 1330 3988 pertinent.
1374 3888 1584 3967 Licet
1615 3892 1812 3968 enim*
1837 3894 2080 3974 Suidas
2094 3897 2456 3996 Capitonis
2471 3900 2615 3998 Ly-

2514 3994 2633 4091 stri
