2870 4628
941 253 2193 336 DEDICATIONES

544 388 687 503 mi}
732 408 809 488 ἃ
848 434 1071 510 aeque
1112 414 1298 502 mei,
1348 433 1700 506 nunquam
1746 408 2003 484 cessavi
2042 411 2316 496 colere,
2357 424 2590 504 neqve

546 513 714 586 dum
743 511 1017 597 vivam,
1073 511 1247 584 mihi
1284 510 1596 595 credite,
1647 531 1951 604 unquam
1997 506 2366 583 ceffaturus
2412 508 2589 581 sum.

546 611 733 687 Dab.
772 609 998 683 Halae
1025 610 1112 683 ad
1149 610 1380 682 Salam
1418 607 1599 681 ldib.
1649 609 2007 703 Septemb.
2061 630 2178 681 cro
2211 628 2280 679 ιθ
2312 626 2590 677 cxcvu.

550 712 1718 924 CHRISTOPHOsRI
1823 814 2585 918 CELLARH.

949 1054 1695 1143 PRAEFATIO
1814 1052 2198 1140 NOVA

766 1263 863 1357 'A
928 1265 1019 1353 D
1193 1265 1271 1351 L
1345 1268 1424 1351 E
1495 1267 1565 1352 C
1640 1260 1723 1348 T
1787 1265 1861 1350 Ο
1931 1262 2014 1350 R
2080 1260 2159 1350 Ε
2222 1259 2353 1348 M.

624 1508 847 1569 terata
885 1491 1234 1580 editione,
1271 1492 1623 1569 benevole
1653 1490 1952 1583 LeEtor‚
1983 1491 2420 1567 Eumol-mu
2452 1493 2588 1566 La:-

667 1592 890 1665 tinum
934 1613 1095 1664 cum
1143 1594 1520 1682 Fannio,
1579 1589 2048 1686 metaphrasta
2100 1590 2431 1681 Graeco,
2479 1593 2593 1663 vi·

545 1701 699 1762 des.
752 1687 1132 1786 Utriusque
1159 1689 1387 1767 caussa
1418 1692 1571 1764 sunt
1590 1740 1617 1779 ,
1638 1713 1820 1786 quae
1845 1711 1988 1763 non
2021 1686 2286 1762 nescire
2317 1707 2388 1763 te
2409 1739 2434 1774 ‚
2464 1707 2598 1760 tua

545 1807 809 1883 aeque,
854 1809 1067 1900 quatu
1099 1809 1293 1877 mea,
1342 1808 1516 1885 puto
1553 1785 1897 1861 interess‘e.
2002 1784 2189 1889 Quid
2224 1783 2600 1861 access'erit

542 1904 737 1959 nova
776 1884 1131 1974 editione,
1175 1905 1297 1960 aut
1344 1886 1466 1960 illa
1498 1885 1943 1959 immutatum
1977 1882 2229 1973 fuerit,
2283 1885 2596 1980 primum

543 1982 676 2062 tibi
708 2037 733 2072 ,
781 1981 900 2056 sed
945 1983 1296 2073 breviter,
1354 1983 1715 2058 indicabo.
1814 1983 2135 2078 Eutropii
2177 1982 2533 2056 historiam
2563 2034 2594 2071 ,

510 2078 803 2154 'Latine
825 2078 1008 2177 juss'u
1048 2080 1471 2169 VAmrns,
1520 2080 1829 2155 Romani
1853 2079 2330 2176 imperatoris,
2378 2079 2594 2175 scrip·

538 2196 689 2269 tam
708 2234 729 2268 ‚
782 2178 1015 2253 denuo
1040 2180 1411 2254 emendavi
1435 2231 1463 2271 ,
1509 2176 1588 2254 ὅτ
1615 2203 1776 2253 curn
1801 2181 2080 2275 optimo
2105 2201 2381 2276 quoque
2410 2180 2597 2251 libro

541 2299 635 2352 ex
670 2301 877 2353 manu
926 2277 1199 2374 scriptis
1240 2275 1602 2375 express'o,
1647 2276 1728 2353 ἀ
1773 2300 1932 2352 curn
1971 2275 2128 2371 ipfis
2164 2276 2596 2373 manuscrip-

418 2409 425 2422 ·
540 2392 777 2450 torum
824 2379 1177 2473 excerptis
1209 2431 1233 2465 ‚
1302 2401 1343 2451 a
1390 2374 1932 2474 diligentiffimit
1970 2375 2138 2450 viris
2169 2427 2192 2464 ‚
2257 2378 2528 2451 Vineto
2559 2428 2596 2468 ‚

538 2474 1041 2562 Scbonhovio,
1091 2476 1467 2572 Sylburgio
1495 2473 1789 2560 τεΙίΕἱίε,
1841 2471 2175 2548 industrie
2203 2474 2589 2563 contendi,

539 2590 665 2661 ut,
714 2571 903 2667 quod
946 2571 1200 2668 ubique
1240 2572 1590 2667 optimum
1636 2569 1846 2658 estet,
1898 2568 1976 2644 δι
2005 2572 2295 2667 ingenio
2329 2571 2590 2646 Eutro-

536 2669 641 2767 pii
688 2669 1094 2762 saeculoque
1123 2689 1263 2742 non
1313 2668 1678 2766 indigum,
1728 2669 2146 2760 retinerem,
2200 2669 2471 2745 abscisis
2501 2693 2594 2746 ac

536 2764 857 2860 rejectis,
892 2789 1070 2859 quae
1103 2768 1445 2863 sequiores
1481 2786 1692 2841 notae
1722 2786 1959 2843 erant:
2012 2789 2192 2865 quae
2224 2768 2452 2843 minus
2478 2773 2588 2843 su·

540 2861 814 2959 specta,
864 2869 1103 2938 tamen
1133 2865 1387 2953 dubia;
1437 2863 1645 2963 lignis
1677 2865 1975 2955 inclusa,
2030 2867 2357 2963 cujusque
2391 2868 2588 2964 judi·

537 2962 657 3037 cio
705 2961 1192 3058 relinquerem.
1296 2967 1406 3038 lta
1455 2965 1756 3054 accidit,
1805 2985 1880 3038 ut
1928 2967 2221 3040 criticae
2263 2967 2590 3039 Adnota-

537 3060 776 3133 tionea
809 3116 833 3151 ,
898 3061 1253 3135 indicibus
1302 3061 1709 3158 praemissae
1740 3117 1762 3152 ,
1832 3067 2056 3136 multo
2104 3053 2614 3161 castigatiores'

533 3178 760 3244 nunc,
804 3181 1010 3256 quam
1058 3161 1274 3253 priori
1319 3162 1681 3249 editione,
1730 3162 2114 3256 prodeant,
2176 3163 2423 3259 quibus
2464 3183 2579 3235 ra·

533 3253 801 3329 tionem
849 3257 1380 3353 uniuscujusque
1428 3259 1786 3350 lestionis,
1834 3283 1874 3332 a
1907 3261 2189 3358 vulgata
2229 3257 2581 3334 diss'onan-

533 3355 670 3441 tis,
725 3353 1074 3450 explicate
1130 3355 1334 3429 vides
1381 3357 1747 3431 redditam.
1849 3359 2015 3432 Nec
2059 3359 2337 3447 minus,
2393 3381 2583 3456 quae

530 3451 903 3529 brevitatis
938 3452 1396 3547 explicandae
1431 3452 1693 3541 caussa,
1741 3457 1854 3529 vel
1890 3455 2324 3531 illustrandae
2360 3458 2576 3530 histo·

527 3550 715 3637 riae,
766 3553 1056 3648 pagellis
1102 3551 1379 3647 lingulis
1410 3550 1716 3647 subjet‘lta
1759 3574 1996 3639 erant3
2048 3577 2235 3628 nunc
2264 3557 2577 3650 locuple·

529 3650 751 3736 tiora,
818 3650 895 3724 ἃ
946 3650 1423 3743 multipliciter
1460 3650 1775 3725 correaa
1817 3654 2253 3727 exhibentur.
2357 3655 2576 3729 Paea-

526 3745 721 3818 nium
756 3769 898 3819 non
934 3772 973 3822 e
1008 3750 1259 3834 latere,
1312 3766 1428 3832 ut,
1481 3749 1922 3844 Sylburgium
1957 3751 2324 3847 sequutus,
2371 3754 2575 3847 supe·

521 3842 691 3915 riori
729 3845 1082 3933 editione;
1130 3845 1245 3922 sed
1294 3844 1476 3920 infra
1519 3847 1938 3942 Eutropium
1975 3851 2305 3926 Latinum
2346 3854 2572 3925 collo·

525 3944 723 4035 cavi,
777 3940 855 4018 ἀ
888 3945 1161 4019 minore
1190 3943 1589 4024 charastere
1621 3946 1914 4045 expreffi
1932 4001 1957 4041 ‚
2008 3969 2083 4024 ut
2109 3971 2307 4025 error
2336 3949 2573 4060 ille-e-

2347 4066 2571 4145 ripra-
