2870 4628
448 298 581 358 ετ
694 274 771 356 P
836 274 2046 367 REAFATIONE&

222 430 713 523 οἰίμιτᾶφμισιν
742 451 1016 508 vocet
1056 437 1170 515 τῆς
1196 437 1476 518 {tamir
1500 436 1796 524 Ἐυτμπίκ
1831 440 2090 525 rapam
2120 436 2340 513 kmi·

225 530 385 624 μὸιτος
425 536 641 605 Mem
682 532 799 605 τόν
834 548 1155 625 Papam.
1206 529 1688 622 translationem
1721 534 2054 627 Epitomes
2079 536 2319 612 Eutro-

227 634 338 725 pii,
379 637 493 725 qui
534 633 809 709 Latine
840 636 918 705 in
953 632 1400 726 compendium
1425 632 1743 723 redegerit
1774 632 2042 725 Livium
2073 629 2318 711 Roma·

234 753 337 801 nae
366 727 709 827 historiae
751 732 1201 803 conditorem.-
1252 748 1488 800 tatnen
1526 727 1786 801 dudum
1825 728 2123 804 suboluit
2162 754 2320 811 eru·

240 826 443 914 ditis,
494 828 861 903 memoria
899 826 1160 900 falsum
1198 824 1335 902 esse
1364 825 1957 920 diligentiffimum
1989 827 2319 927 suidam,
2389 846 2396 858 ¹

248 921 323 997 &
348 924 554 1017 quod
584 927 675 997 L.
713 926 1023 1003 Annaeo
1052 925 1266 997 Floro
1295 923 1817 997 attribuendum
1849 946 2041 1020 erat,
2079 925 2320 1005 nostro

257 1020 496 1097 forsan
530 1022 878 1119 Eutropio
906 1020 1354 1120 adjudicass'e.
1411 1021 1830 1125 Quanquam
1862 1025 2049 1096 enim
2080 1046 2169 1098 ex
2199 1024 2323 1103 Li·

260 1118 384 1192 vio
396 1117 693 1217 aliisque
708 1119 922 1194 haufit
939 1177 962 1213 ‚
980 1144 1165 1220 qnae
1192 1120 1260 1194 in
1294 1120 1485 1193 suum
1506 1119 1942 1194 Breviarium
1974 1118 2319 1199 transs‘cris-

261 1218 509 1305 beret,
540 1219 956 1311 Eutropius:
1006 1240 1246 1294 tamen
1277 1236 1545 1292 tantum
1578 1215 1811 1307 abest,
1838 1238 1914 1290 ut
1942 1220 2051 1293 vel
2085 1219 2319 1317 Livii,

264 1318 380 1389 vel
417 1315 595 1388 alius
634 1317 957 1406 operibus
996 1319 1251 1392 damna
1287 1317 1480 1390 illum
1523 1311 1824 1389 attuliffe
1863 1314 2191 1405 credam,
2236 1332 2321 1403 ut

258 1415 501 1508 potius
531 1411 767 1486 facem
800 1414 883 1488 iis
912 1412 1337 1509 praetuliffe,
1356 1411 1683 1488 &lucem
1712 1434 1854 1487 non
1885 1414 2320 1495 mediocrem

256 1509 693 1600 foeneraffe‚
714 1510 928 1585 firmis
957 1514 1135 1587 mihi
1159 1513 1593 1609 argumentis
1617 1512 2089 1607 persuadeam.
2143 1512 2317 1593 Nec

258 1609 441 1682 olim'
468 1627 619 1681 tam
657 1611 939 1706 ingrata
981 1610 1117 1685 fuit
1154 1612 1571 1705 posteritas,
1638 1630 1814 1704 quae
1852 1611 2175 1705 proxime
2211 1612 2322 1687 se-

256 1724 421 1780 cuta
449 1706 549 1780 est
577 1709 1093 1802 Eutropianum
1122 1733 1372 1783 aevum
1391 1763 1412 1796 ‚
1447 1710 1616 1800 quin
1646 1708 1847 1800 hujus
1876 1710 2320 1791 Breviarium

254 1828 407 1878 non
438 1826 712 1879 tantum
748 1808 992 1903 magni
1032 1806 1343 1898 faceret,
1394 1805 1514 1880 sed
1545 1806 1619 1889 in
1656 1806 2000 1881 Graecam
2032 1829 2318 1913 quoque

250 1903 652 1995 Linguam,
699 1928 839 1999 quo
870 1906 1183 2001 pluribus
1216 1902 1605 2000 prodess'et‚
1651 1903 1898 1978 iterata
1932 1928 2185 2001 opera,
2234 1923 2317 1989 ut

254 1998 467 2072 doeh
498 2000 954 2091 suspicantur,
1005 2004 1463 2092 transferret,
1511 2002 1681 2076 licet
1713 2002 1807 2074 de
1837 2002 2056 2077 altera
2088 2022 2318 2080 meta.

255 2095 507 2195 phrasi
537 2118 677 2171 non
707 2099 862 2172 satis
886 2102 1190 2197 liquido,
1237 2125 1412 2199 quae
1447 2120 1847 2194 temporum
1880 2100 2137 2195 injuria
2168 2100 2318 2195 est,

254 2193 599 2270 constare
636 2199 839 2271 nobis
870 2198 1101 2294 poffit.
1205 2201 1472 2297 Ingrati
1511 2199 1664 2270 sunt
1702 2196 1777 2269 in
1820 2218 2067 2271 omnes
2098 2198 2319 2279 bonae

252 2294 557 2385 literas,
607 2296 1002 2395 quicunque
1044 2297 1182 2373 hoc
1219 2296 1546 2394 Eutropii
1589 2296 1867 2387 labore,
1913 2290 1989 2368 ἃ
2030 2295 2322 2382 Paeanii

252 2393 779 2490 metaphrastae
811 2393 1253 2471 transsatione
1274 2397 1449 2471 nihil
1481 2398 1824 2470 laetantur
1852 2412 1971 2466 aut
2000 2389 2318 2470 afficiun-

253 2515 420 2566 rur:
467 2494 685 2567 etiam
717 2493 987 2580 invidi,
1037 2499 1154 2591 qui
1176 2496 1632 2593 juventutem
1662 2490 2014 2587 eiusmodi
2041 2490 2321 2568 thesau-

262 2609 415 2661 tum
448 2593 679 2664 celant
712 2589 1300 2682 &'abscondunt,
1350 2615 1440 2665 ex
1472 2615 1612 2690 quo
1645 2588 1917 2687 insigne
1952 2592 2313 2670 literarum

260 2686 782 2764 incrementum
828 2690 1171 2766 accedere
1220 2687 1411 2784 poffe
1457 2690 1787 2765 sentiunt.
1896 2688 2033 2766 Vir
2078 2686 2315 2768 seculo

262 2786 497 2858 nostro
523 2788 792 2882 major,
842 2787 917 2862 ἃ
951 2813 1113 2861 cum
1141 2790 1492 2886 ingeni0,·
1525 2806 1669 2862 turn
1707 2789 1914 2859 rebus
1944 2785 2154 2882 gestis
2182 2790 2310 2860 du·

264 2880 437 2957 dum
463 2885 778 2975 illustris,
830 2888 1070 2960 Viros
1104 2889 1525 2961 Lunovrcns
1560 2910 1601 2960 a
1628 2888 2111 2966 Secxnunour
2156 2881 2307 2966 &c-

264 2979 475 3078 saepe
494 2984 666 3056 mihi
693 2983 1001 3058 laudavit
1020 2984 1546 3059 Boeclerianutn
1577 2983 1932 3057 confilium
1953 2994 2131 3077 ‚quo
2162 3007 2314 3060 me·

262 3077 403 3151 lius
430 3082 687 3154 consuli
717 3083 908 3177 posse
941 3085 1294 3158 literarum
1325 3082 1400 3156 δι
1426 3084 1873 3178 eloquentiae
1901 3081 2132 3155 studio
2160 3103 2313 3168 non

262 3178 696 3254 existimavit
743 3181 815 3254 in
862 3181 1000 3254 hoc
1049 3205 1311 3278 genere
1343 3179 1824 3260 versatiffimus
1870 3181 2035 3271 vir,
2097 3202 2308 3276 quam
2380 3181 2392 3192 '

251 3278 726 3370 parallelismo
764 3278 1082 3355 Graecae
1117 3280 1546 3375 Latinaeque
1594 3277 1962 3365 historiae,
2011 3275 2058 3348 fi
2103 3303 2174 3351 v.
2228 3299 2305 3371 g,

247 3377 633 3465 Arrianus,
681 3378 880 3474 cujus
922 3399 1409 3475 argumentum
1453 3380 1666 3450 etiam
1713 3378 1973 3452 Curtius
2014 3373 2310 3468 scribit,

256 3471 603 3548 Curtianir
645 3480 865 3552 verb&
910 3478 1163 3549 Latine
1204 3477 1586 3564 reddatur3
1649 3472 1727 3548 ὅ(
1763 3471 2064 3563 Caesaris
2107 3492 2307 3544 com-

248 3575 589 3648 mentarii
618 3574 709 3650 de
734 3575 1016 3649 Gallico
1047 3575 1233 3647 bello
1261 3599 1419 3648 curn
1453 3571 1843 3671 metaphrasi
1859 3573 2109 3643 Graeca
2136 3591 2309 3644 eon·

238 3664 603 3747 ferantur:
652 3689 779 3747 aut
820 3673 1139 3769 ejusdem
1180 3674 1270 3745 de
1317 3673 1514 3745 Civili
1554 3673 1716 3744 libri
1758 3671 1849 3746 ad
1888 3669 2309 3746 Plutarchum

234 3788 391 3840 aut
421 3772 777 3870 Appianum
820 3771 1318 3866 explicandum
1366 3771 1855 3863 adhibeantur.
1947 3768 2127 3839 Cum
2176 3768 2320 3840 ita-·

230 3869 402 3962 qtie
430 3892 560 3944 non
598 3874 843 3945 minus
886 3870 1352 3944 emolumenti
1395 3892 1500 3944 ex·
1529 3871 1834 3950 Patami
1875 3861 2320 3962 metaphrast,-

224 3983 409 4047 eum
434 3971 819 4050 Euraomr
844 3971 1205 4072 compendio
1231 3968 1604 4113 conj'tssnfia
1620 4022 1642 4057 ,
1665 3966 1922 4046 haberi-
1935 3963 2129 4071 poss'e
2156 3961 2322 4140 agg-'2

1566 4085 1614 4148 2
2117 4084 2194 4142 sn
