2870 4628
10 3453 15 3720 ψ

258 3821 289 3850 .

9 3827 43 4204 )
209 3911 711 4191 Quamor
755 3922 1068 4020 Imperia
1103 3943 1271 4021 prae
1317 3922 1575 3998 ceteris
1620 3916 1904 3998 illustria
1948 3918 2138 4013 effe,
2185 3922 2305 3999 iis·

490 334 601 389 ιτ
706 294 2058 395 ΡΚΑΕἜΑΤῙΟΝΕΕ.

235 465 467 545 LeRor
496 522 522 559 ‚
572 465 1093 542 videbantur.
1200 461 1323 536 Tu
1376 485 1463 537 ea
1522 465 1594 542 in
1651 467 2018 545 meliorem
2064 491 2350 568 partem

242 571 506 666 accipe,
554 564 643 640 δι
684 563 1065 639 beneficii
1104 563 1614 640 communicati
1646 565 2081 661 auctoribus,
2125 571 2179 645 fi
2221 599 2353 675 pa.

247 691 342 741 res
379 687 609 763 agere
652 683 790 738 aut
824 662 1121 737 referre
1164 662 1423 757 gratias
1461 686 1602 738 non
1647 684 1890 756 potes,
1941 669 2181 744 animo
2220 675 2347 748 sal-

252 785 387 839 tem
441 764 648 835 habe
686 817 713 849 ,
763 782 1066 859 quantas
1122 778 1372 855 potes,
1422 762 1805 854 maximas,
1854 764 2218 867 vitamque
2255 794 2342 847 ac

256 860 605 940 successus
657 858 911 935 felices
961 860 1106 934 illis
1160 880 1441 933 mecum
1469 883 1787 956 ⁸precare
1819 916 1845 952 ,
1894 882 1974 939 ut
2021 870 2217 961 plura
2263 871 2342 947 in

256 961 412 1034 dies
459 956 545 1033 ἀ
588 958 855 1053 majora
893 959 984 1032 ad
1036 956 1387 1052 publicam
1429 958 1808 1034 utilitatem
1850 964 2212 1040 nobiscum
2263 968 2341 1044 in

261 1060 493 1133 lucem
546 1056 867 1152 proferre
894 1074 1185 1150 queant.
1237 1054 1443 1132 Vale.
1495 1057 1828 1134 Francos.
1878 1061 2174 1140 Kalend.
2213 1065 2338 1162 Ju-

261 1158 365 1233 nii
414 1154 991 1232 MDLXXXIX.

258 1333 575 1436 FR.
878 1327 2339 1493 sYLsssURGn

523 1494 960 1585 EJUSDEM
997 1494 1530 1571 PRAEFATIO
1567 1494 1668 1568 ΙΝ
1716 1492 2058 1570 NOTAS.

423 1664 691 1759 utropii
731 1663 1076 1738 Editione
1117 1662 1510 1759 superiore,
1560 1660 1735 1738 duas
1779 1660 2206 1758 potiffimum
2255 1690 2331 1740 e·

469 1761 782 1838 ditiones
835 1762 1061 1837 secuti
1110 1761 1360 1835 sumus.
1467 1756 1726 1835 Earum
1779 1762 2178 1854 recentior,
2225 1764 2331 1839 est

265 1860 457 1933 Eliae
494 1861 748 1935 Vineti
772 1884 798 1949 3
846 1856 1234 1951 vetustior,
1284 1859 1587 1934 Antonii
1620 1859 2098 1948 Schonhovii3
2140 1880 2323 1936 utra-

264 1980 405 2052 que
439 1955 530 2030 ad
566 1980 772 2032 manu
811 1957 1226 2051 scriptorum
1261 1956 1597 2031 librorum
1645 1958 1861 2032 fidem
1899 1961 2322 2036 examinata.

262 2054 760 2127 Schonhovius
810 2057 998 2129 enim
1025 2106 1055 2145 ,
1124 2054 1195 2129 se
1252 2050 1702 2131 Gaudensem'
1748 2054 2074 2132 codicem
2132 2058 2322 2133 secu·

260 2169 424 2225 tum
482 2153 639 2240 ait3
684 2154 979 2227 Vinetus
1040 2169 1282 2227 autem
1332 2152 1948 2249 Burdegalensem.
2045 2157 2128 2228 In
2181 2159 2320 2231 hoc

253 2273 443 2350 ergo
472 2251 713 2326 Tomo
744 2250 1238 2328 Graecolatino
1268 2252 1430 2351 quia
1445 2250 1640 2348 idern
1662 2248 1898 2326 auctor
1914 2273 2079 2326 cum
2099 2252 2321 2329 Grae-

244 2373 341 2424 co
368 2349 843 2446 metaphraste
873 2348 1300 2448 repetendus
1344 2349 1535 2441 erat,
1582 2352 1655 2424 id
1695 2350 2158 2426 annitendum
2194 2376 2323 2447 pu-

243 2450 439 2541 tavi,
497 2472 575 2525 ut
618 2449 766 2546 ipse
811 2472 1090 2549 quoque
1120 2468 1432 2524 veterem
1473 2451 1727 2525 librum
1769 2450 1933 2524 MS.
1988 2450 2318 2528 alicunde

237 2548 726 2646 impetrarem.
825 2552 921 2623 Et
957 2570 1120 2622 cum
1151 2572 1194 2624 e
1229 2549 1605 2624 Francisco
1641 2548 1945 2634 Modi0‚
1995 2551 2319 2644 antiquo·

238 2671 400 2722 rum
442 2650 785 2723 librorum
820 2645 1155 2745 diligenti
1180 2648 1560 2722 scrutatore
1589 2645 2072 2746 cognoviss‘em
2093 2651 2318 2746 ,opti-

242 2770 411 2821 mae
443 2766 668 2820 notae
702 2749 1063 2841 exemplar
1088 2748 1159 2820 in
1178 2746 1234 2822 F
1237 2745 1499 2821 uldenfi
1526 2748 1957 2822 bibliotheca
1974 2747 2317 2843 supereffe

240 2846 536 2919 tandem
568 2868 661 2918 eo
706 2868 831 2939 per
857 2844 1147 2928 affiduas
1185 2846 1572 2918 amicorum
1612 2845 2131 2921 interceffiones
2163 2848 2310 2921 sum

236 2946 538 3037 potitus.
638 2943 821 3017 Eum
865 2945 1088 3041 igitur
1132 2940 1373 3016 nactus
1412 2944 1709 3032 librum,
1760 2965 1923 3018 cum
1973 2943 2309 3042 superiori

239 3041 564 3118 editione
604 3041 842 3117 nostra
875 3041 1193 3130 contuli3
1243 3063 1326 3114 ac
1370 3040 1716 3139 plerisque
1745 3044 1817 3116 in
1853 3044 2027 3116 locis
2061 3045 2308 3116 melio·

234 3161 438 3230 rem,
487 3142 573 3232 in‘
596 3141 948 3216 nonnullis
980 3159 1217 3214 tamen
1247 3139 1464 3215 etiam
1494 3139 1918 3216 deteriorem
1952 3143 2298 3238 comperi.

234 3312 887 3420 PAULUS
984 3346 1448 3419 G.F.P.N.
1559 3299 2304 3439 MERUEA,

462 3483 1256 3556 HISTORIARUM
1318 3482 1434 3553 IN
1501 3483 2070 3552 ACADEMIA

570 3582 1308 3656 LUGDUNENSI
1364 3581 1942 3655 STUDIOSIS

1136 3747 1207 3822 S.
1311 3747 1408 3823 D.

472 4052 614 4129 que
654 4021 1082 4102 universum
1108 4044 1239 4098 nos
1275 4017 1618 4121 subjicere
1671 4017 1897 4096 voluit
1943 4023 2303 4190 supreorlrlms

2133 4142 2159 4191 1
2210 4141 2296 4211 e,
