2870 4628
945 290 2179 383 DEDICATIONES

533 454 663 556 (ut
690 452 782 527 sic
813 451 1097 550 dicam)
1152 449 1565 540 inferferat,
1616 471 1795 544 quae
1834 445 1954 543 ipsi
1994 444 2407 541 placebant,
2460 442 2585 519 du-

529 557 649 653 plo
681 556 873 651 plura
954 576 1112 624 uam
1150 549 1528 644 Eutropius
1570 545 2176 643 scripserattquod
2204 543 2415 617 initio
2452 542 2584 635 staff

532 655 663 727 tim
716 651 873 726 libri
905 576 1129 723 tlacile
1162 647 1384 723 videri
1437 645 1700 741 potest,
1753 646 1880 742 qui,
1916 645 2198 740 vulgata
2238 641 2587 740 inspicere

533 751 734 825 volet
791 747 1239 846 exemplaria.
1365 746 1693 819 Tandem
1757 745 1961 818 bonis
2018 743 2266 817 avibus
2319 740 2585 836 prodiit

532 851 842 943 optimus
890 847 1005 920 ille
1048 847 1160 919 vir
1209 844 1559 919 Antonius
1601 841 2066 917 Schonhofius
2091 894 2119 933 ,
2181 840 2302 938 qui
2360 834 2583 934 ipsum

533 948 909 1020 authorem
946 946 1146 1017 nobis
1172 996 1197 1033 ,
1245 945 1438 1016 velut
1474 945 1560 1016 ab
1594 941 1843 1016 inferis
1875 960 2189 1026 erutum,
2241 937 2583 1027 nitidum,

534 1068 619 1119 ac
654 1046 766 1119 sua
806 1041 997 1117 veste
1040 1043 1360 1115 indutum
1392 1065 1483 1115 ex
1502 1041 1772 1128 hibuit,
1824 1037 2122 1114 abstersa
2159 1037 2282 1111 illa
2319 1036 2586 1129 hispida

534 1143 895 1217 barbariae
930 1142 1150 1238 pelle,
1203 1164 1341 1231 qua
1380 1145 1467 1214 ab
1524 1139 1776 1213 eodem
1819 1139 2033 1212 Paulo
2083 1136 2265 1211 male
2293 1133 2585 1209 amistus

530 1259 708 1314 erat.
812 1240 975 1341 Quo
1006 1244 1127 1335 pio
1168 1237 1406 1312 officio
1450 1236 1719 1311 omneis
1762 1235 2010 1310 ἀοᾶοε
2056 1234 2181 1309 fibi
2213 1233 2582 1319 devinxit,

531 1337 915 1435 effecitque
944 1359 1021 1410 ut
1062 1359 1272 1410 nemo
1317 1335 1776 1411 studiosorum
1816 1358 1960 1408 non
2008 1332 2312 1410 fateatur
2364 1334 2433 1406 se
2482 1329 2587 1404 illi

535 1438 912 1539 plurimum
960 1436 1273 1509 debere:
1342 1458 1425 1507 ea
1477 1433 1906 1529 potiffimum
1949 1433 2041 1507 de
2074 1433 2275 1506 causa
2304 1485 2327 1518 ,
2396 1427 2589 1527 quod

527 1535 792 1609 nullum
830 1534 1195 1608 authorem
1232 1534 1560 1607 Latinum
1598 1534 1974 1620 habemus,
2023 1531 2142 1627 qui
2175 1549 2315 1602 tam
2348 1526 2585 1623 brevi-

534 1652 649 1706 ter
705 1654 988 1705 omnem
1036 1632 1430 1704 Romanam
1479 1629 1837 1704 historiam
1882 1630 2085 1704 nobis
2131 1625 2527 1703 exhibuerit
2554 1678 2578 1714 ,

476 1818 485 1831 .
524 1750 738 1828 atque
780 1731 896 1804 hic
926 1730 1339 1823 Eutropius:
1390 1727 1516 1803 nili
1565 1729 1844 1803 Florum
1888 1744 2393 1801 racematorem
2423 1723 2579 1818 quis

522 1829 862 1925 objiciat,
914 1848 1055 1900 non
1100 1829 1248 1924 ejus
1294 1831 1574 1925 generis
1606 1830 1769 1902 sane
1810 1825 2061 1899 forma.
2161 1824 2370 1898 Haec
2413 1845 2576 1894 cum

525 1928 627 2002 ita
679 1926 812 2001 sint
842 1979 869 2017 ,
934 1949 1073 2025 ego
1116 1929 1525 2023 neutiquam
1565 1927 1850 2001 Paulum
1894 1924 2088 1998 illum
2134 1944 2390 2018 agenS,
2454 1936 2577 1992 aut·

523 2025 732 2099 alium
765 2025 1165 2122 quempiam
1228 2024 1581 2099 sutorem:
1649 2045 1726 2097 ut
1767 2022 2116 2118 copiosior
2163 2021 2277 2094 hic
2322 2019 2576 2093 author

524 2124 597 2196 in
649 2126 1011 2196 hominum
1069 2146 1311 2197 manus
1349 2123 1723 2216 prodiret,
1788 2120 2058 2219 majore
2111 2119 2325 2193 etiam
2367 2140 2577 2212 quam

521 2220 862 2295 hastenus
911 2220 1249 2297 lestorum
1296 2221 1646 2311 utilitate,
1697 2244 1889 2296 meas
1939 2218 2239 2294 seorsum
2288 2215 2577 2313 adjunxi

519 2321 1087 2412 Annotationes,
1141 2323 1264 2395 vix
1297 2319 1746 2396 aestimandis
1786 2339 2018 2415 partas
2046 2317 2438 2393 laboribus:
2486 2325 2575 2392 e'a

518 2418 840 2494 hercules
872 2420 1028 2516 spe,
1078 2420 1265 2514 quod
1293 2437 1539 2494 natura
1562 2420 1661 2494 ita
1693 2435 2175 2514 comparatum
2215 2416 2574 2507 videmus,

522 2521 883 2615 perceptis
932 2519 1161 2612 aliqua
1231 2516 1304 2590 in
1360 2539 1494 2606 re,
1572 2539 1657 2590 ac
1720 2513 2103 2613 degustatis
2162 2513 2570 2612 principiis,

517 2617 751 2712 gliscit
796 2615 1066 2686 animus
1111 2615 1380 2711 majora
1427 2615 1807 2710 percipere.
1908 2613 2002 2687 Et
2035 2636 2194 2688 cum
2235 2636 2325 2687 ex
2365 2615 2572 2709 hujus

518 2714 831 2785 authoris
877 2710 1230 2784 brevitate
1272 2711 1347 2784 id
1385 2714 1745 2787 commodi
1799 2708 1901 2785 est
1950 2713 2314 2787 Romanae
2359 2711 2572 2785 histo·

510 2813 656 2883 riae
708 2809 1041 2897 novitiis,
1119 2809 1311 2906 quod
1358 2808 1783 2905 simplicibus
1834 2808 2020 2883 hisce
2078 2808 2569 2904 apprehensis,

510 2907 738 2981 facilis
780 2905 859 2978 fit
898 2906 1158 2980 deinde
1190 2907 1305 2981 vel
1346 2909 1435 2982 ad
1486 2909 1816 3000 Livium,
1864 2907 1983 2981 vel
2019 2905 2108 2982 ad
2142 2910 2460 3004 quemvis
2491 2932 2562 2983 a·

514 3007 688 3080 lium
733 3007 1099 3079 Romanae
1146 3002 1468 3081 historiae
1519 3007 1884 3081 authorem
1938 3006 2223 3103 legendi
2268 3005 2576 3082 facultas

511 3103 1059 3200 (tantumboni
1112 3103 1322 3178 habet
1374 3103 1662 3199 simplex
1695 3104 1925 3178 omnis
1976 3104 2315 3202 traditio)
2363 3105 2564 3203 cogi·

507 3202 656 3275 tavi
705 3200 1238 3276 succurrendum
1281 3201 1421 3277 esse
1468 3201 1809 3278 desiderio
1854 3204 2351 3298 plurimorum,
2404 3226 2562 3299 par-

511 3301 640 3372 tim
672 3301 917 3397 quibus
961 3297 1157 3373 deest
1199 3301 1530 3375 codicum
1579 3304 1924 3377 bonorum
1969 3302 2182 3400 copia
2216 3357 2237 3389 ,
2299 3302 2562 3393 partim

512 3421 689 3495 quos
740 3399 1079 3495 temporis
1115 3398 1426 3497 angustia
1474 3424 1612 3474 non
1658 3401 1921 3496 patitur
1952 3423 2077 3496 per
2113 3400 2430 3491 omneis,
2483 3420 2563 3475 ut

505 3519 681 3588 opus
735 3497 942 3587 esset,
1009 3497 1336 3571 authores
1386 3500 1711 3574 volitare.
1831 3500 2087 3573 Curavi
2137 3499 2355 3595 igitur
2389 3554 2410 3588 ,
2480 3519 2560 3575 ut

504 3593 670 3667 huic
701 3594 1022 3692 Eutropii
1057 3596 1431 3689 Epitomae
1462 3596 1830 3672 adderetur
1852 3653 1871 3687 ,
1921 3597 2252 3692 quicquid
2286 3620 2557 3672 memo·

503 3713 665 3764 ratu
725 3693 1013 3790 dignum
1073 3691 1242 3766 esset
1278 3747 1302 3781 ,
1373 3695 1564 3793 quod
1624 3718 1837 3789 penes
1881 3695 2189 3789 optimos
2294 3719 2556 3791 uosque

503 3790 869 3863 Romanos
900 3792 1012 3865 vel
1049 3791 1494 3886 reperiss‘em,
1548 3796 1663 3866 vel
1697 3791 2107 3866 inveniffem
2161 3795 2228 3868 hi
2293 3795 2551 3868 oricos.

501 3887 661 3961 Hos
691 3889 822 3962 tibi
852 3891 1126 3962 labores
1164 3889 1429 3965 nostros
1464 3892 1917 3988 integerrime
1946 3892 2218 3965 Praesul
2249 3914 2332 3964 ac
2363 3893 2551 3988 Cog-

499 4003 668 4061 nate
718 3987 1045 4063 dedicare
1072 3988 1377 4084 placuit,
1433 4007 1511 4070 ut
1553 4011 1971 4067 renovarem
2012 4011 2428 4161 germanaml
2468 3992 2554 4061 il-

1819 4127 1828 4132 ·
2431 4108 2549 4162 am
