2870 4628
549 276 1975 405 ‚PRAEFATIO

242 480 582 578 eumdem
645 478 782 591 ff
817 536 847 582 ‚
901 477 1506 595 quemadmodum
1547 480 1630 566 in
1664 477 2089 564 MStorum
2138 477 2333 564 Con·-

248 597 670 684 lationibus
731 593 942 704 Ruso
995 595 1281 701 Nostro
1332 594 1539 678 illius
1595 595 1892 679 Avieni
1933 608 2168 704 opera
2204 595 2330 675 vi-

249 710 390 795 deo
451 708 846 818 adscripta
903 700 1261 815 Dionysii
1316 700 1733 816 Periegefin
1794 703 1961 807 &a
2043 707 2329 789 nomine

248 848 293 909 e
328 820 641 911 Pithoei
675 819 991 934 quodam
1036 823 1624 930 Epigrammate
1662 817 1969 900 Avienii
2012 815 2277 901 addito
2298 874 2327 918 ‚

251 932 584 1031 Avienii
639 934 922 1046 gentile
981 932 1123 1015 erit
1177 955 1464 1017 nomen
1496 989 1525 1031 ‚
1595 927 1804 1037 quod
1863 925 2018 1012 fere
2081 928 2163 1010 in
2210 931 2331 1013 ius
2364 1036 2391 1045 ..

250 1045 475 1151 exit,
528 1065 611 1127 ut
648 1045 902 1157 gentis
934 1042 1263 1138 Tuuiae,
1316 1044 1724 1126 Corneliae
1754 1038 1908 1125 διε.
1971 1040 2328 1140 Tunius,

256 1158 674 1243 Cornelius
709 1212 734 1253 ,
809 1157 1118 1241 Porcius
1171 1152 1320 1241 ὅτε.
1392 1155 1622 1240 Forte
1678 1151 1924 1238 dietus
1978 1150 2088 1253 5³st
2125 1155 2323 1239 Sex.

249 1268 689 1355 Avianius
719 1269 998 1353 Rmms
1033 1268 1118 1353 &
1142 1268 1462 1377 sequiori
1502 1293 1696 1352 aevo
1734 1290 2203 1374 praenomen
2244 1268 2330 1349 in

253 1380 461 1477 Festi
523 1380 787 1466 abierit
847 1382 1016 1485 &a
1138 1385 1426 1468 Verum
1472 1438 1499 1482 ,
1566 1378 1863 1492 etiamst
1894 1377 2178 1485 Nostro
2221 1380 2333 1463 A·

256 1494 498 1580 vienii
555 1497 690 1580 vel
739 1497 1022 1580 Avieni
1077 1519 1333 1581 nomen
1382 1492 1701 1599 fuerit,
1774 1491 1877 1577 ab
1910 1493 2168 1578 altero
2203 1505 2334 1578 ta·

253 1634 434 1692 men
488 1607 1041 1718 distinguendus
1096 1633 1240 1691 non
1272 1605 1519 1711 solum
1544 1667 1569 1703 ‚
1634 1603 1836 1718 quod
1868 1606 1933 1687 is
1981 1607 2332 1689 Graeca-

249 1746 446 1805 rum
493 1719 949 1804 Literarum
982 1713 1469 1831 peritiffimus
1499 1717 1674 1825 efflet
1709 1774 1739 1819 ‚
1791 1713 2073 1825 Noster
2109 1716 2335 1826 plane

259 1831 494 1921 rudis
517 1888 545 1932 ,
583 1846 671 1914 ut
713 1830 825 1916 ad
855 1833 1234 1916 Ammian.
1281 1831 1877 1931 Marcellinum,
1933 1826 2022 1913 L.
2063 1850 2334 1914 xxlx.

258 1970 323 2027 c.
390 1968 466 2024 2.
526 1939 884 2050 obfirvat
924 1945 1031 2028 H.
1082 1943 1419 2037 Valesius
1440 2004 1465 2041 ‚
1541 1941 1669 2046 sed
1702 1945 1934 2029 etiam
1973 1941 2177 2055 quod
2206 1964 2335 2027 ae-

260 2072 404 2157 tas
458 2052 687 2161 obstet
722 2081 756 2152 ‚·
807 2061 940 2167 qui
1007 2059 1201 2140 enim
1257 2057 1782 2141 Valentiniani
1825 2051 1934 2155 ἐξ
1982 2054 2337 2140 Valentis

264 2165 737 2277 temporib-us
764 2170 856 2278 Je
916 2192 1115 2253 aevo
1159 2172 1616 2279 graviorem
1665 2165 2087 2274 profitetur
2112 2222 2142 2267 ‚
2201 2168 2336 2276 ju-

263 2285 492 2366 venis
527 2276 663 2387 effe
702 2304 847 2368 non
877 2284 1132 2391 potuit
1146 2275 1300 2391 stab
1328 2277 1717 2391 Theodosio
1734 2337 1761 2379 ‚
1801 2302 1964 2362 cum
1990 2273 2149 2388 sua
2193 2283 2337 2365 Sa·

264 2393 637 2479 turnalia
675 2392 1068 2506 scriberet
1127 2393 1583 2478 Macrobius
1599 2450 1628 2494 ‚
1682 2419 1738 2476 a
1779 2415 1926 2504 quo
1971 2396 2184 2476 inter
2216 2418 2334 2477 eo-

266 2532 449 2592 rum
493 2508 1078 2596 interlocutores
1123 2508 1480 2592 Avienus
1515 2505 1817 2591 relatus
1856 2529 1898 2588 e
1962 2567 1983 2590 .
2111 2505 2335 2591 Unde

265 2644 433 2703 cum
510 2620 688 2703 Nic.
756 2622 1104 2705 Antonio
1191 2618 1393 2704 Bibl.
1476 2619 1565 2704 V
1548 2633 1652 2703 et.
1720 2618 1837 2701 Hi
1866 2635 1941 2728 p.
2022 2631 2332 2702 utrum-

270 2758 419 2844 que
460 2728 1053 2842 distinguendum
1108 2729 1245 2837 effe
1283 2726 1493 2816 reHe
1533 2728 1843 2841 judicat
1899 2728 2335 2818 Fabricius·

276 2846 575 2930 Verum
632 2843 752 2928 bic
782 2901 811 2946 ‚
864 2841 1062 2955 quod
1103 2843 1296 2932 alibi
1352 2840 1767 2952 observavi
1793 2840 2103 2954 saepius
2126 2900 2157 2945 ‚
2208 2867 2339 2929 ac-

271 2954 526 3067 cidzffi·
582 2960 847 3067 opinor
889 3017 918 3059 ,
994 2970 1084 3040 ut
1156 2955 1497 3067 diversos
1510 3016 1537 3057 ‚
1572 2956 1719 3063 fied
1755 2954 1997 3040 eodem
2052 2961 2339 3042 nomine

269 3085 415 3155 aut
466 3094 778 3154 munere
829 3066 1238 3179 conspicuos
1262 3131 1288 3170 ,
1343 3067 1809 3176 confundant
1852 3062 2108 3154 Docti.
2192 3072 2340 3156 Uti

269 3186 469 3274 enim
508 3180 666 3295 sub
706 3184 1185 3273 Diocletiano
1213 3185 1497 3265 Sextus
1548 3180 1857 3294 quidam
1898 3179 2162 3291 Rufus
2213 3187 2340 3268 vi·

273 3298 411 3379 xit
445 3355 474 3399 ‚
564 3317 780 3407 quem
833 3295 1123 3379 Romae
1183 3293 1747 3404 descriptionem
1804 3292 2242 3403 consignaſje
2297 3319 2342 3379 c

253 3408 578 3497 *Blondo
632 3403 776 3510 ἐφ’,
811 3406 1227 3496 Marliano
1282 3410 1538 3513 refert
1605 3409 1691 3491 V
1678 3403 1894 3517 offlus
1928 3464 1957 3509 ‚
2012 3405 2125 3516 fic
2172 3405 2342 3516 plu-

272 3544 407 3606 res
463 3522 636 3605 dein
675 3514 911 3625 fuiffe
939 3577 972 3621 ,
1024 3543 1481 3631 quamquam
1552 3516 1893 3627 diver-fiis
1931 3577 1959 3620 ‚
2034 3520 2204 3630 quis
2261 3519 2345 3605 in

272 3628 640 3738 Historia
677 3644 843 3715 tam
896 3629 1145 3750 hospes
1186 3630 1299 3735 &²
1332 3635 1826 3741 peregrinus,
1868 3633 2014 3825 ἰαὶ
2066 3646 2287 3741 neget
2304 3639 2346 3716 ἓ

276 3743 571 3833 ‚Plures
625 3745 1042 3852 Eutropios
1083 3801 1114 3846 ,
1168 3744 1416 3852 Festos
1457 3748 1718 3854 plures
1732 3799 1761 3845 ,
1817 3757 1868 3849 p
1899 3766 2076 3831 ures
2105 3748 2344 3831 etiam

276 3860 632 3952 Avienos
641 3855 940 3978 jisdem
989 3859 1181 3964 sere
1234 3856 1693 3964 temporibus
1752 3852 2111 3965 Historia
2180 3861 2344 3969 ejus

267 3972 463 4060 aevi
500 3968 807 4074 exhibet
822 4028 858 4078 ‚
907 3984 996 4064 ut
1027 3971 1355 4165 quingue
1389 3968 1524 4052 vel
1538 3963 1694 4079 fix
1723 3972 1964 4060 etiam
2002 3968 2348 4096 consula·-

1203 4167 1212 4172 .
1277 4104 1323 4168 e
1366 4105 1413 4165 e
1473 4100 1520 4192 ς
2256 4102 2351 4171 rt
