<?xml version="1.0" encoding="UTF-8"?>
<!DOCTYPE html PUBLIC "-//W3C//DTD XHTML 1.0 Transitional//EN"
    "http://www.w3.org/TR/xhtml1/DTD/xhtml1-transitional.dtd">
<html xmlns="http://www.w3.org/1999/xhtml" xml:lang="en" lang="en">
 <head>
  <title>
</title>
<meta http-equiv="Content-Type" content="text/html;charset=utf-8" />
  <meta name='ocr-system' content='tesseract 3.04.00' />
  <meta name='ocr-capabilities' content='ocr_page ocr_carea ocr_par ocr_line ocrx_word'/>
</head>
<body>
  <div class='ocr_page' id='page_1' title='image "./eutropiibreviar03verhgoog_0065.png"; bbox 0 0 2870 4628; ppageno 0'>
   <div class='ocr_carea' id='block_1_1' title="bbox 21 0 804 9">
    <p class='ocr_par' dir='ltr' id='par_1_1' title="bbox 21 0 804 9">
     <span class='ocr_line' id='line_1_1' title="bbox 21 0 804 9; baseline -0.01 1"><span class='ocrx_word' id='word_1_1' title='bbox 21 0 622 9; x_wconf 30' lang='lat' dir='ltr'><em>*———-——-————-—-——-.-.-...-t</em></span> <span class='ocrx_word' id='word_1_2' title='bbox 647 1 804 4; x_wconf 41' lang='grc' dir='ltr'>-Ὓῂῂ</span> 
     </span>
    </p>
   </div>
   <div class='ocr_carea' id='block_1_2' title="bbox 508 274 2041 371">
    <p class='ocr_par' dir='ltr' id='par_1_2' title="bbox 508 274 2041 371">
     <span class='ocr_line' id='line_1_2' title="bbox 508 274 2041 371; baseline 0.002 -3"><span class='ocrx_word' id='word_1_3' title='bbox 508 305 612 369; x_wconf 63' lang='grc' dir='ltr'>ετ</span> <span class='ocrx_word' id='word_1_4' title='bbox 710 274 2041 371; x_wconf 75' lang='lat' dir='ltr'><strong>PRAEFATIONES.</strong></span> 
     </span>
    </p>
   </div>
   <div class='ocr_carea' id='block_1_3' title="bbox 364 466 2177 727">
    <p class='ocr_par' dir='ltr' id='par_1_3' title="bbox 364 466 2177 727">
     <span class='ocr_line' id='line_1_3' title="bbox 364 466 2177 560; baseline 0.001 -1"><span class='ocrx_word' id='word_1_5' title='bbox 364 466 1263 559; x_wconf 79' lang='lat' dir='ltr'>REVERENDO</span> <span class='ocrx_word' id='word_1_6' title='bbox 1345 468 1486 554; x_wconf 88' lang='lat' dir='ltr'>1N</span> <span class='ocrx_word' id='word_1_7' title='bbox 1572 469 2177 560; x_wconf 84' lang='lat' dir='ltr'>CHRlsTo</span> 
     </span>
     <span class='ocr_line' id='line_1_4' title="bbox 589 602 1960 727; baseline 0.001 -38"><span class='ocrx_word' id='word_1_8' title='bbox 589 603 1019 689; x_wconf 59' lang='lat' dir='ltr'>Pin-m</span> <span class='ocrx_word' id='word_1_9' title='bbox 1094 602 1269 688; x_wconf 84' lang='lat' dir='ltr'>Ac</span> <span class='ocrx_word' id='word_1_10' title='bbox 1346 603 1960 727; x_wconf 67' lang='lat' dir='ltr'>DoMmc),</span> 
     </span>
    </p>
   </div>
   <div class='ocr_carea' id='block_1_4' title="bbox 242 792 2319 925">
    <p class='ocr_par' dir='ltr' id='par_1_4' title="bbox 242 792 2319 925">
     <span class='ocr_line' id='line_1_5' title="bbox 242 792 2319 925; baseline 0.002 -28"><span class='ocrx_word' id='word_1_11' title='bbox 242 792 2319 925; x_wconf 78' lang='lat' dir='ltr'><strong>D..RUDOLPHO‚</strong></span> 
     </span>
    </p>
   </div>
   <div class='ocr_carea' id='block_1_5' title="bbox 346 988 2242 1258">
    <p class='ocr_par' dir='ltr' id='par_1_5' title="bbox 346 988 2242 1258">
     <span class='ocr_line' id='line_1_6' title="bbox 346 988 2242 1066; baseline 0.002 -5"><span class='ocrx_word' id='word_1_12' title='bbox 346 989 740 1061; x_wconf 85' lang='lat' dir='ltr'>ABBATI</span> <span class='ocrx_word' id='word_1_13' title='bbox 810 988 1194 1059; x_wconf 88' lang='lat' dir='ltr'><strong>DOMUS</strong></span> <span class='ocrx_word' id='word_1_14' title='bbox 1267 988 1879 1062; x_wconf 86' lang='lat' dir='ltr'>FAVORINAE</span> <span class='ocrx_word' id='word_1_15' title='bbox 1958 995 2242 1066; x_wconf 86' lang='lat' dir='ltr'>APUD</span> 
     </span>
     <span class='ocr_line' id='line_1_7' title="bbox 573 1087 2012 1175; baseline 0.001 -15"><span class='ocrx_word' id='word_1_16' title='bbox 573 1087 1195 1160; x_wconf 83' lang='lat' dir='ltr'>SARUNETAS</span> <span class='ocrx_word' id='word_1_17' title='bbox 1274 1091 1385 1159; x_wconf 82' lang='lat' dir='ltr'>IN</span> <span class='ocrx_word' id='word_1_18' title='bbox 1461 1092 2012 1175; x_wconf 84' lang='lat' dir='ltr'>RHAETIIS,</span> 
     </span>
     <span class='ocr_line' id='line_1_8' title="bbox 877 1180 1706 1258; baseline 0.002 -4"><span class='ocrx_word' id='word_1_19' title='bbox 877 1184 973 1255; x_wconf 87' lang='lat' dir='ltr'>H.</span> <span class='ocrx_word' id='word_1_20' title='bbox 1055 1180 1706 1258; x_wconf 73' lang='lat' dir='ltr'>GEAREANUS</span> 
     </span>
    </p>
   </div>
   <div class='ocr_carea' id='block_1_6' title="bbox 1114 1350 1453 1424">
    <p class='ocr_par' dir='ltr' id='par_1_6' title="bbox 1114 1350 1453 1424">
     <span class='ocr_line' id='line_1_9' title="bbox 1114 1350 1453 1424; baseline 0 -1"><span class='ocrx_word' id='word_1_21' title='bbox 1114 1351 1182 1423; x_wconf 90' lang='lat' dir='ltr'>S.</span> <span class='ocrx_word' id='word_1_22' title='bbox 1234 1350 1308 1424; x_wconf 91' lang='grc' dir='ltr'>Ρ.</span> <span class='ocrx_word' id='word_1_23' title='bbox 1360 1350 1453 1423; x_wconf 92' lang='lat' dir='ltr'>D.</span> 
     </span>
    </p>
   </div>
   <div class='ocr_carea' id='block_1_7' title="bbox 266 1531 2386 3599">
    <p class='ocr_par' dir='ltr' id='par_1_7' title="bbox 473 1531 2322 1612">
     <span class='ocr_line' id='line_1_10' title="bbox 473 1531 2322 1612; baseline 0.001 -3"><span class='ocrx_word' id='word_1_24' title='bbox 473 1558 518 1609; x_wconf 89' lang='lat' dir='ltr'>e</span> <span class='ocrx_word' id='word_1_25' title='bbox 548 1534 810 1610; x_wconf 83' lang='lat' dir='ltr'>nostris</span> <span class='ocrx_word' id='word_1_26' title='bbox 840 1535 908 1609; x_wconf 91' lang='lat' dir='ltr'>in</span> <span class='ocrx_word' id='word_1_27' title='bbox 944 1534 1129 1607; x_wconf 89' lang='lat' dir='ltr'>hunc</span> <span class='ocrx_word' id='word_1_28' title='bbox 1166 1532 1526 1607; x_wconf 81' lang='lat' dir='ltr'>authorem</span> <span class='ocrx_word' id='word_1_29' title='bbox 1575 1531 2175 1611; x_wconf 82' lang='lat' dir='ltr'>lucubrationibus</span> <span class='ocrx_word' id='word_1_30' title='bbox 2212 1537 2322 1612; x_wconf 88' lang='lat' dir='ltr'>di-</span> 
     </span>
    </p>

    <p class='ocr_par' dir='ltr' id='par_1_8' title="bbox 266 1631 2386 3599">
     <span class='ocr_line' id='line_1_11' title="bbox 506 1631 2321 1733; baseline 0.001 -25"><span class='ocrx_word' id='word_1_31' title='bbox 506 1632 795 1724; x_wconf 65' lang='lat' dir='ltr'>Elzurus,</span> <span class='ocrx_word' id='word_1_32' title='bbox 846 1637 1121 1727; x_wconf 87' lang='lat' dir='ltr'>optime</span> <span class='ocrx_word' id='word_1_33' title='bbox 1162 1631 1472 1704; x_wconf 86' lang='lat' dir='ltr'>Antistes</span> <span class='ocrx_word' id='word_1_34' title='bbox 1519 1654 1601 1703; x_wconf 90' lang='lat' dir='ltr'>ac</span> <span class='ocrx_word' id='word_1_35' title='bbox 1635 1632 1903 1706; x_wconf 87' lang='lat' dir='ltr'>Praesul</span> <span class='ocrx_word' id='word_1_36' title='bbox 1953 1635 2321 1733; x_wconf 85' lang='lat' dir='ltr'>integerri-</span> 
     </span>
     <span class='ocr_line' id='line_1_12' title="bbox 266 1729 2320 1828; baseline 0.001 -23"><span class='ocrx_word' id='word_1_37' title='bbox 266 1756 423 1820; x_wconf 84' lang='lat' dir='ltr'>me,</span> <span class='ocrx_word' id='word_1_38' title='bbox 468 1733 780 1828; x_wconf 88' lang='lat' dir='ltr'>primurn</span> <span class='ocrx_word' id='word_1_39' title='bbox 814 1732 905 1806; x_wconf 92' lang='lat' dir='ltr'>de</span> <span class='ocrx_word' id='word_1_40' title='bbox 942 1730 1092 1827; x_wconf 90' lang='lat' dir='ltr'>ipso</span> <span class='ocrx_word' id='word_1_41' title='bbox 1136 1730 1427 1802; x_wconf 86' lang='lat' dir='ltr'>authore</span> <span class='ocrx_word' id='word_1_42' title='bbox 1464 1731 1677 1804; x_wconf 86' lang='lat' dir='ltr'>verba</span> <span class='ocrx_word' id='word_1_43' title='bbox 1712 1729 2002 1805; x_wconf 81' lang='lat' dir='ltr'>faciam:</span> <span class='ocrx_word' id='word_1_44' title='bbox 2053 1755 2189 1808; x_wconf 87' lang='lat' dir='ltr'>nec</span> <span class='ocrx_word' id='word_1_45' title='bbox 2219 1735 2320 1824; x_wconf 84' lang='lat' dir='ltr'>id,</span> 
     </span>
     <span class='ocr_line' id='line_1_13' title="bbox 266 1827 2386 1928; baseline 0.001 -25"><span class='ocrx_word' id='word_1_46' title='bbox 266 1830 455 1927; x_wconf 90' lang='lat' dir='ltr'>quod</span> <span class='ocrx_word' id='word_1_47' title='bbox 500 1830 735 1905; x_wconf 81' lang='lat' dir='ltr'>forsan</span> <span class='ocrx_word' id='word_1_48' title='bbox 783 1831 996 1903; x_wconf 88' lang='lat' dir='ltr'>alicui</span> <span class='ocrx_word' id='word_1_49' title='bbox 1033 1829 1257 1902; x_wconf 84' lang='lat' dir='ltr'>videri</span> <span class='ocrx_word' id='word_1_50' title='bbox 1308 1827 1562 1924; x_wconf 59' lang='lat' dir='ltr'>postis,</span> <span class='ocrx_word' id='word_1_51' title='bbox 1626 1848 1936 1920; x_wconf 85' lang='lat' dir='ltr'>temere,</span> <span class='ocrx_word' id='word_1_52' title='bbox 1989 1828 2108 1906; x_wconf 89' lang='lat' dir='ltr'>sed</span> <span class='ocrx_word' id='word_1_53' title='bbox 2159 1856 2322 1928; x_wconf 88' lang='lat' dir='ltr'>pro·</span> <span class='ocrx_word' id='word_1_54' title='bbox 2383 1842 2386 1847; x_wconf 73' lang='lat'><em>‘</em></span> 
     </span>
     <span class='ocr_line' id='line_1_14' title="bbox 271 1928 2323 2024; baseline 0.003 -24"><span class='ocrx_word' id='word_1_55' title='bbox 271 1954 365 2024; x_wconf 85' lang='lat' dir='ltr'>pe</span> <span class='ocrx_word' id='word_1_56' title='bbox 395 1928 704 2003; x_wconf 65' lang='lat' dir='ltr'>coaetus.</span> <span class='ocrx_word' id='word_1_57' title='bbox 802 1929 968 2001; x_wconf 76' lang='lat' dir='ltr'>Fuit</span> <span class='ocrx_word' id='word_1_58' title='bbox 1002 1929 1162 2002; x_wconf 90' lang='lat' dir='ltr'>sane</span> <span class='ocrx_word' id='word_1_59' title='bbox 1194 1945 1359 2000; x_wconf 87' lang='lat' dir='ltr'>ante</span> <span class='ocrx_word' id='word_1_60' title='bbox 1390 1949 1607 2000; x_wconf 84' lang='lat' dir='ltr'>annos</span> <span class='ocrx_word' id='word_1_61' title='bbox 1639 1929 1947 2024; x_wconf 84' lang='lat' dir='ltr'>aliquot,</span> <span class='ocrx_word' id='word_1_62' title='bbox 2004 1954 2163 2004; x_wconf 84' lang='lat' dir='ltr'>cum</span> <span class='ocrx_word' id='word_1_63' title='bbox 2202 1956 2323 2006; x_wconf 81' lang='lat' dir='ltr'>au·</span> 
     </span>
     <span class='ocr_line' id='line_1_15' title="bbox 278 2025 2326 2125; baseline 0.002 -28"><span class='ocrx_word' id='word_1_64' title='bbox 278 2027 528 2097; x_wconf 78' lang='lat' dir='ltr'>thores</span> <span class='ocrx_word' id='word_1_65' title='bbox 568 2027 999 2100; x_wconf 77' lang='lat' dir='ltr'><strong>inemendati</strong></span> <span class='ocrx_word' id='word_1_66' title='bbox 1048 2029 1266 2122; x_wconf 80' lang='lat' dir='ltr'>vulgo</span> <span class='ocrx_word' id='word_1_67' title='bbox 1309 2026 1499 2099; x_wconf 90' lang='lat' dir='ltr'>nullo</span> <span class='ocrx_word' id='word_1_68' title='bbox 1541 2025 1940 2100; x_wconf 87' lang='lat' dir='ltr'>discrimine</span> <span class='ocrx_word' id='word_1_69' title='bbox 1997 2029 2326 2125; x_wconf 84' lang='lat' dir='ltr'>legeren-</span> 
     </span>
     <span class='ocr_line' id='line_1_16' title="bbox 282 2122 2320 2223; baseline 0.003 -29"><span class='ocrx_word' id='word_1_70' title='bbox 282 2139 407 2195; x_wconf 86' lang='lat' dir='ltr'>tur</span> <span class='ocrx_word' id='word_1_71' title='bbox 447 2175 473 2210; x_wconf 88' lang='lat'>‚</span> <span class='ocrx_word' id='word_1_72' title='bbox 546 2122 1228 2221; x_wconf 81' lang='lat' dir='ltr'>existimarenturque</span> <span class='ocrx_word' id='word_1_73' title='bbox 1277 2144 1556 2199; x_wconf 80' lang='lat' dir='ltr'>veteres</span> <span class='ocrx_word' id='word_1_74' title='bbox 1611 2147 1695 2196; x_wconf 91' lang='lat' dir='ltr'>ac</span> <span class='ocrx_word' id='word_1_75' title='bbox 1745 2147 1995 2196; x_wconf 86' lang='lat' dir='ltr'>omnes</span> <span class='ocrx_word' id='word_1_76' title='bbox 2039 2129 2320 2223; x_wconf 81' lang='lat' dir='ltr'>magni,</span> 
     </span>
     <span class='ocr_line' id='line_1_17' title="bbox 280 2220 2324 2319; baseline 0.002 -26"><span class='ocrx_word' id='word_1_77' title='bbox 280 2220 694 2319; x_wconf 85' lang='lat' dir='ltr'>quicunque</span> <span class='ocrx_word' id='word_1_78' title='bbox 744 2223 1033 2319; x_wconf 83' lang='lat' dir='ltr'>aliquam</span> <span class='ocrx_word' id='word_1_79' title='bbox 1095 2223 1402 2316; x_wconf 84' lang='lat' dir='ltr'>speciem</span> <span class='ocrx_word' id='word_1_80' title='bbox 1465 2221 1903 2318; x_wconf 87' lang='lat' dir='ltr'>antiquitatis</span> <span class='ocrx_word' id='word_1_81' title='bbox 1959 2224 2324 2299; x_wconf 84' lang='lat' dir='ltr'>haberent.</span> 
     </span>
     <span class='ocr_line' id='line_1_18' title="bbox 277 2320 2326 2418; baseline -0 -24"><span class='ocrx_word' id='word_1_82' title='bbox 277 2321 529 2394; x_wconf 83' lang='lat' dir='ltr'>Nemo</span> <span class='ocrx_word' id='word_1_83' title='bbox 576 2322 894 2412; x_wconf 81' lang='lat' dir='ltr'>Livium,</span> <span class='ocrx_word' id='word_1_84' title='bbox 946 2322 1478 2418; x_wconf 84' lang='lat' dir='ltr'>Sallustiumque</span> <span class='ocrx_word' id='word_1_85' title='bbox 1511 2323 1600 2391; x_wconf 84' lang='lat' dir='ltr'>ab</span> <span class='ocrx_word' id='word_1_86' title='bbox 1645 2321 1861 2392; x_wconf 91' lang='lat' dir='ltr'>Aelio</span> <span class='ocrx_word' id='word_1_87' title='bbox 1909 2320 2326 2415; x_wconf 70' lang='lat' dir='ltr'>Spaniam,</span> 
     </span>
     <span class='ocr_line' id='line_1_19' title="bbox 266 2415 2329 2517; baseline 0 -25"><span class='ocrx_word' id='word_1_88' title='bbox 266 2419 726 2517; x_wconf 75' lang='lat' dir='ltr'>Lampridia,</span> <span class='ocrx_word' id='word_1_89' title='bbox 776 2421 1092 2515; x_wconf 87' lang='lat' dir='ltr'>Vopisco</span> <span class='ocrx_word' id='word_1_90' title='bbox 1129 2422 1555 2494; x_wconf 86' lang='lat' dir='ltr'>secernebat.</span> <span class='ocrx_word' id='word_1_91' title='bbox 1666 2419 1917 2491; x_wconf 86' lang='lat' dir='ltr'>Cicero</span> <span class='ocrx_word' id='word_1_92' title='bbox 1948 2415 2329 2493; x_wconf 82' lang='lat' dir='ltr'>&amp;Macro-</span> 
     </span>
     <span class='ocr_line' id='line_1_20' title="bbox 268 2516 2327 2608; baseline 0 -17"><span class='ocrx_word' id='word_1_93' title='bbox 268 2520 430 2592; x_wconf 87' lang='lat' dir='ltr'>bius</span> <span class='ocrx_word' id='word_1_94' title='bbox 470 2519 747 2606; x_wconf 75' lang='lat' dir='ltr'>eodem!</span> <span class='ocrx_word' id='word_1_95' title='bbox 766 2518 929 2594; x_wconf 88' lang='lat' dir='ltr'>loco</span> <span class='ocrx_word' id='word_1_96' title='bbox 974 2519 1423 2592; x_wconf 87' lang='lat' dir='ltr'>habebantur.</span> <span class='ocrx_word' id='word_1_97' title='bbox 1523 2517 1616 2590; x_wconf 88' lang='lat' dir='ltr'>Et</span> <span class='ocrx_word' id='word_1_98' title='bbox 1668 2518 1853 2592; x_wconf 84' lang='lat' dir='ltr'>inter</span> <span class='ocrx_word' id='word_1_99' title='bbox 1899 2516 2327 2608; x_wconf 73' lang='lat' dir='ltr'>Grammati-</span> 
     </span>
     <span class='ocr_line' id='line_1_21' title="bbox 272 2601 2325 2713; baseline -0.003 -19"><span class='ocrx_word' id='word_1_100' title='bbox 272 2640 436 2707; x_wconf 84' lang='lat' dir='ltr'>cos,</span> <span class='ocrx_word' id='word_1_101' title='bbox 488 2601 817 2692; x_wconf 81' lang='lat' dir='ltr'>Donatus</span> <span class='ocrx_word' id='word_1_102' title='bbox 848 2617 1198 2690; x_wconf 87' lang='lat' dir='ltr'>Prisciano</span> <span class='ocrx_word' id='word_1_103' title='bbox 1234 2617 1767 2690; x_wconf 76' lang='lat' dir='ltr'>conferebatur:</span> <span class='ocrx_word' id='word_1_104' title='bbox 1821 2615 1967 2689; x_wconf 89' lang='lat' dir='ltr'>imo</span> <span class='ocrx_word' id='word_1_105' title='bbox 2017 2614 2325 2713; x_wconf 86' lang='lat' dir='ltr'>stupido-</span> 
     </span>
     <span class='ocr_line' id='line_1_22' title="bbox 272 2714 2326 2809; baseline 0.002 -23"><span class='ocrx_word' id='word_1_106' title='bbox 272 2738 425 2789; x_wconf 86' lang='lat' dir='ltr'>rum</span> <span class='ocrx_word' id='word_1_107' title='bbox 450 2715 734 2809; x_wconf 89' lang='lat' dir='ltr'>judicio</span> <span class='ocrx_word' id='word_1_108' title='bbox 768 2767 793 2805; x_wconf 90' lang='lat'>,</span> <span class='ocrx_word' id='word_1_109' title='bbox 859 2715 1244 2788; x_wconf 83' lang='lat' dir='ltr'>Priscianus</span> <span class='ocrx_word' id='word_1_110' title='bbox 1288 2715 1504 2806; x_wconf 85' lang='lat' dir='ltr'>pluris</span> <span class='ocrx_word' id='word_1_111' title='bbox 1561 2714 1849 2788; x_wconf 91' lang='lat' dir='ltr'>Donato</span> <span class='ocrx_word' id='word_1_112' title='bbox 1893 2714 2132 2788; x_wconf 83' lang='lat' dir='ltr'>fiebat.</span> <span class='ocrx_word' id='word_1_113' title='bbox 2184 2715 2326 2790; x_wconf 85' lang='lat' dir='ltr'>hoc</span> 
     </span>
     <span class='ocr_line' id='line_1_23' title="bbox 276 2812 2324 2909; baseline -0 -22"><span class='ocrx_word' id='word_1_114' title='bbox 276 2837 483 2887; x_wconf 84' lang='lat' dir='ltr'>unum</span> <span class='ocrx_word' id='word_1_115' title='bbox 529 2812 925 2887; x_wconf 86' lang='lat' dir='ltr'>seculorum</span> <span class='ocrx_word' id='word_1_116' title='bbox 956 2813 1265 2909; x_wconf 86' lang='lat' dir='ltr'>priorum</span> <span class='ocrx_word' id='word_1_117' title='bbox 1301 2815 1550 2886; x_wconf 87' lang='lat' dir='ltr'>vitium</span> <span class='ocrx_word' id='word_1_118' title='bbox 1585 2812 1718 2884; x_wconf 90' lang='lat' dir='ltr'>fuit</span> <span class='ocrx_word' id='word_1_119' title='bbox 1749 2814 2021 2909; x_wconf 87' lang='lat' dir='ltr'>ingens.</span> <span class='ocrx_word' id='word_1_120' title='bbox 2124 2814 2324 2888; x_wconf 81' lang='lat' dir='ltr'>Alte-</span> 
     </span>
     <span class='ocr_line' id='line_1_24' title="bbox 278 2909 2328 3007; baseline -0 -22"><span class='ocrx_word' id='word_1_121' title='bbox 278 2933 427 2985; x_wconf 81' lang='lat' dir='ltr'>rum</span> <span class='ocrx_word' id='word_1_122' title='bbox 468 2911 678 3006; x_wconf 80' lang='lat' dir='ltr'>pejus</span> <span class='ocrx_word' id='word_1_123' title='bbox 722 2909 797 2982; x_wconf 77' lang='grc' dir='ltr'>ἆ</span> <span class='ocrx_word' id='word_1_124' title='bbox 838 2910 1290 3007; x_wconf 70' lang='lat' dir='ltr'>perniciosius</span> <span class='ocrx_word' id='word_1_125' title='bbox 1321 2965 1344 2998; x_wconf 92' lang='lat'>‚</span> <span class='ocrx_word' id='word_1_126' title='bbox 1422 2913 1609 3005; x_wconf 88' lang='lat' dir='ltr'>quod</span> <span class='ocrx_word' id='word_1_127' title='bbox 1657 2933 1844 2984; x_wconf 87' lang='lat' dir='ltr'>nunc</span> <span class='ocrx_word' id='word_1_128' title='bbox 1890 2911 2120 2984; x_wconf 86' lang='lat' dir='ltr'>dicam</span> <span class='ocrx_word' id='word_1_129' title='bbox 2156 2963 2180 3000; x_wconf 86' lang='lat'><strong>,</strong></span> <span class='ocrx_word' id='word_1_130' title='bbox 2251 2914 2328 2984; x_wconf 86' lang='lat' dir='ltr'>in</span> 
     </span>
     <span class='ocr_line' id='line_1_25' title="bbox 274 3009 2325 3110; baseline -0.001 -27"><span class='ocrx_word' id='word_1_131' title='bbox 274 3012 455 3110; x_wconf 82' lang='lat' dir='ltr'>ipsos</span> <span class='ocrx_word' id='word_1_132' title='bbox 494 3012 715 3083; x_wconf 83' lang='lat' dir='ltr'>etiam</span> <span class='ocrx_word' id='word_1_133' title='bbox 751 3010 1078 3083; x_wconf 84' lang='lat' dir='ltr'>authores</span> <span class='ocrx_word' id='word_1_134' title='bbox 1120 3009 1547 3104; x_wconf 87' lang='lat' dir='ltr'>injuriosum.</span> <span class='ocrx_word' id='word_1_135' title='bbox 1729 3009 1934 3105; x_wconf 89' lang='lat' dir='ltr'>uippe</span> <span class='ocrx_word' id='word_1_136' title='bbox 1963 3033 2114 3083; x_wconf 83' lang='lat' dir='ltr'>mos</span> <span class='ocrx_word' id='word_1_137' title='bbox 2148 3033 2325 3096; x_wconf 79' lang='lat' dir='ltr'>erat,</span> 
     </span>
     <span class='ocr_line' id='line_1_26' title="bbox 275 3106 2328 3206; baseline -0.001 -25"><span class='ocrx_word' id='word_1_138' title='bbox 275 3128 355 3181; x_wconf 84' lang='lat' dir='ltr'>ut</span> <span class='ocrx_word' id='word_1_139' title='bbox 389 3106 881 3182; x_wconf 80' lang='lat' dir='ltr'>infantisfimus</span> <span class='ocrx_word' id='word_1_140' title='bbox 920 3113 1208 3205; x_wconf 87' lang='lat' dir='ltr'>quisque</span> <span class='ocrx_word' id='word_1_141' title='bbox 1254 3109 1526 3206; x_wconf 85' lang='lat' dir='ltr'>magnis</span> <span class='ocrx_word' id='word_1_142' title='bbox 1577 3126 1696 3182; x_wconf 88' lang='lat' dir='ltr'>aut</span> <span class='ocrx_word' id='word_1_143' title='bbox 1748 3108 2022 3195; x_wconf 86' lang='lat' dir='ltr'>oribus,</span> <span class='ocrx_word' id='word_1_144' title='bbox 2084 3110 2199 3182; x_wconf 89' lang='lat' dir='ltr'>sed</span> <span class='ocrx_word' id='word_1_145' title='bbox 2251 3112 2328 3182; x_wconf 88' lang='lat' dir='ltr'>in</span> 
     </span>
     <span class='ocr_line' id='line_1_27' title="bbox 277 3202 2327 3303; baseline -0.001 -23"><span class='ocrx_word' id='word_1_146' title='bbox 277 3206 486 3281; x_wconf 84' lang='lat' dir='ltr'>sacris</span> <span class='ocrx_word' id='word_1_147' title='bbox 539 3207 783 3279; x_wconf 89' lang='lat' dir='ltr'>etiam.</span> <span class='ocrx_word' id='word_1_148' title='bbox 850 3207 1035 3303; x_wconf 91' lang='lat' dir='ltr'>quod</span> <span class='ocrx_word' id='word_1_149' title='bbox 1094 3225 1517 3297; x_wconf 86' lang='lat' dir='ltr'>praeceptor</span> <span class='ocrx_word' id='word_1_150' title='bbox 1567 3202 1797 3278; x_wconf 86' lang='lat' dir='ltr'>noster</span> <span class='ocrx_word' id='word_1_151' title='bbox 1855 3207 1946 3277; x_wconf 91' lang='lat' dir='ltr'>D.</span> <span class='ocrx_word' id='word_1_152' title='bbox 2003 3207 2327 3279; x_wconf 82' lang='lat' dir='ltr'>Erasmus</span> 
     </span>
     <span class='ocr_line' id='line_1_28' title="bbox 278 3300 2329 3401; baseline 0 -23"><span class='ocrx_word' id='word_1_153' title='bbox 278 3303 802 3378; x_wconf 85' lang='lat' dir='ltr'>Roterodamus</span> <span class='ocrx_word' id='word_1_154' title='bbox 830 3305 1035 3401; x_wconf 86' lang='lat' dir='ltr'>saepe</span> <span class='ocrx_word' id='word_1_155' title='bbox 1074 3300 1150 3376; x_wconf 70' lang='grc' dir='ltr'>ὅ(</span> <span class='ocrx_word' id='word_1_156' title='bbox 1180 3328 1303 3377; x_wconf 91' lang='lat' dir='ltr'>ore</span> <span class='ocrx_word' id='word_1_157' title='bbox 1332 3303 1408 3378; x_wconf 72' lang='grc' dir='ltr'>ἅ</span> <span class='ocrx_word' id='word_1_158' title='bbox 1441 3305 1712 3399; x_wconf 87' lang='lat' dir='ltr'>scriptis</span> <span class='ocrx_word' id='word_1_159' title='bbox 1743 3301 2018 3400; x_wconf 87' lang='lat' dir='ltr'>questus</span> <span class='ocrx_word' id='word_1_160' title='bbox 2054 3302 2177 3377; x_wconf 86' lang='lat' dir='ltr'>est.</span> <span class='ocrx_word' id='word_1_161' title='bbox 2217 3308 2329 3378; x_wconf 86' lang='lat' dir='ltr'>lta.</span> 
     </span>
     <span class='ocr_line' id='line_1_29' title="bbox 282 3400 2330 3497; baseline -0 -20"><span class='ocrx_word' id='word_1_162' title='bbox 282 3405 549 3477; x_wconf 88' lang='lat' dir='ltr'>medius</span> <span class='ocrx_word' id='word_1_163' title='bbox 574 3402 785 3478; x_wconf 91' lang='lat' dir='ltr'>fidius</span> <span class='ocrx_word' id='word_1_164' title='bbox 814 3427 971 3479; x_wconf 89' lang='lat' dir='ltr'>cum</span> <span class='ocrx_word' id='word_1_165' title='bbox 1005 3403 1143 3476; x_wconf 91' lang='lat' dir='ltr'>hoc</span> <span class='ocrx_word' id='word_1_166' title='bbox 1174 3402 1455 3476; x_wconf 67' lang='lat' dir='ltr'>auEtore</span> <span class='ocrx_word' id='word_1_167' title='bbox 1487 3401 1830 3497; x_wconf 86' lang='lat' dir='ltr'>Eutropio</span> <span class='ocrx_word' id='word_1_168' title='bbox 1879 3401 2008 3494; x_wconf 89' lang='lat' dir='ltr'>(ut</span> <span class='ocrx_word' id='word_1_169' title='bbox 2054 3400 2138 3472; x_wconf 86' lang='lat' dir='ltr'>ad</span> <span class='ocrx_word' id='word_1_170' title='bbox 2178 3424 2330 3476; x_wconf 85' lang='lat' dir='ltr'>rem</span> 
     </span>
     <span class='ocr_line' id='line_1_30' title="bbox 282 3499 2323 3599; baseline 0 -27"><span class='ocrx_word' id='word_1_171' title='bbox 282 3499 584 3575; x_wconf 82' lang='lat' dir='ltr'>nostram</span> <span class='ocrx_word' id='word_1_172' title='bbox 615 3501 1087 3599; x_wconf 78' lang='lat' dir='ltr'>divertamus)</span> <span class='ocrx_word' id='word_1_173' title='bbox 1136 3499 1368 3573; x_wconf 60' lang='lat' dir='ltr'>actum</span> <span class='ocrx_word' id='word_1_174' title='bbox 1405 3499 1529 3573; x_wconf 89' lang='lat' dir='ltr'>est.</span> <span class='ocrx_word' id='word_1_175' title='bbox 1565 3500 1868 3573; x_wconf 84' lang='lat' dir='ltr'>Primum</span> <span class='ocrx_word' id='word_1_176' title='bbox 1890 3500 2034 3592; x_wconf 86' lang='lat' dir='ltr'>jam</span> <span class='ocrx_word' id='word_1_177' title='bbox 2079 3515 2323 3573; x_wconf 86' lang='lat' dir='ltr'>conta·</span> 
     </span>
    </p>
   </div>
   <div class='ocr_carea' id='block_1_8' title="bbox 284 3577 2507 3693">
    <p class='ocr_par' dir='ltr' id='par_1_9' title="bbox 284 3577 2507 3693">
     <span class='ocr_line' id='line_1_31' title="bbox 284 3577 2507 3693; baseline 0 -24"><span class='ocrx_word' id='word_1_178' title='bbox 284 3599 631 3689; x_wconf 85' lang='lat' dir='ltr'>minatus,</span> <span class='ocrx_word' id='word_1_179' title='bbox 691 3601 983 3692; x_wconf 87' lang='lat' dir='ltr'>perinde</span> <span class='ocrx_word' id='word_1_180' title='bbox 1027 3618 1237 3693; x_wconf 89' lang='lat' dir='ltr'>atque</span> <span class='ocrx_word' id='word_1_181' title='bbox 1282 3598 1590 3674; x_wconf 85' lang='lat' dir='ltr'>vetustus</span> <span class='ocrx_word' id='word_1_182' title='bbox 1637 3598 1887 3672; x_wconf 87' lang='lat' dir='ltr'>author</span> <span class='ocrx_word' id='word_1_183' title='bbox 1939 3597 2321 3690; x_wconf 83' lang='lat' dir='ltr'>legebatur,</span> <span class='ocrx_word' id='word_1_184' title='bbox 2393 3683 2398 3688; x_wconf 25' lang='lat'><em>¹</em></span> <span class='ocrx_word' id='word_1_185' title='bbox 2497 3577 2507 3594; x_wconf 57' lang='lat'><em>⁰</em></span> 
     </span>
    </p>
   </div>
   <div class='ocr_carea' id='block_1_9' title="bbox 282 3694 2331 4089">
    <p class='ocr_par' dir='ltr' id='par_1_10' title="bbox 282 3694 2331 4089">
     <span class='ocr_line' id='line_1_32' title="bbox 282 3694 2326 3792; baseline -0.002 -21"><span class='ocrx_word' id='word_1_186' title='bbox 282 3695 560 3771; x_wconf 87' lang='lat' dir='ltr'>Deinde</span> <span class='ocrx_word' id='word_1_187' title='bbox 597 3699 987 3773; x_wconf 84' lang='lat' dir='ltr'>nasutiores</span> <span class='ocrx_word' id='word_1_188' title='bbox 1038 3718 1421 3792; x_wconf 89' lang='lat' dir='ltr'>coeperunt</span> <span class='ocrx_word' id='word_1_189' title='bbox 1458 3698 1690 3771; x_wconf 89' lang='lat' dir='ltr'>scabra</span> <span class='ocrx_word' id='word_1_190' title='bbox 1717 3694 2061 3790; x_wconf 86' lang='lat' dir='ltr'>quaedam</span> <span class='ocrx_word' id='word_1_191' title='bbox 2096 3696 2162 3769; x_wconf 88' lang='lat' dir='ltr'>in</span> <span class='ocrx_word' id='word_1_192' title='bbox 2196 3720 2326 3788; x_wconf 85' lang='lat' dir='ltr'>eo,</span> 
     </span>
     <span class='ocr_line' id='line_1_33' title="bbox 284 3791 2325 3881; baseline 0.001 -18"><span class='ocrx_word' id='word_1_193' title='bbox 284 3815 372 3866; x_wconf 82' lang='lat' dir='ltr'>ac</span> <span class='ocrx_word' id='word_1_194' title='bbox 395 3812 662 3871; x_wconf 86' lang='lat' dir='ltr'>temere</span> <span class='ocrx_word' id='word_1_195' title='bbox 692 3797 939 3871; x_wconf 83' lang='lat' dir='ltr'>addita</span> <span class='ocrx_word' id='word_1_196' title='bbox 973 3794 1529 3869; x_wconf 85' lang='lat' dir='ltr'>animadvertere</span> <span class='ocrx_word' id='word_1_197' title='bbox 1547 3797 1578 3878; x_wconf 82' lang='grc'>,”</span> <span class='ocrx_word' id='word_1_198' title='bbox 1618 3791 2029 3866; x_wconf 85' lang='lat' dir='ltr'>verecunde</span> <span class='ocrx_word' id='word_1_199' title='bbox 2055 3812 2325 3881; x_wconf 87' lang='lat' dir='ltr'>tamen,</span> 
     </span>
     <span class='ocr_line' id='line_1_34' title="bbox 283 3891 2328 3984; baseline 0 -22"><span class='ocrx_word' id='word_1_200' title='bbox 283 3910 365 3963; x_wconf 89' lang='lat' dir='ltr'>ut</span> <span class='ocrx_word' id='word_1_201' title='bbox 399 3895 699 3968; x_wconf 82' lang='lat' dir='ltr'>Budaeus</span> <span class='ocrx_word' id='word_1_202' title='bbox 746 3896 871 3968; x_wconf 92' lang='lat' dir='ltr'>lib.</span> <span class='ocrx_word' id='word_1_203' title='bbox 906 3917 981 3984; x_wconf 82' lang='lat'>5.</span> <span class='ocrx_word' id='word_1_204' title='bbox 1038 3892 1127 3965; x_wconf 92' lang='lat' dir='ltr'>de</span> <span class='ocrx_word' id='word_1_205' title='bbox 1172 3891 1357 3966; x_wconf 83' lang='lat' dir='ltr'>Affe.</span> <span class='ocrx_word' id='word_1_206' title='bbox 1460 3893 1782 3965; x_wconf 79' lang='lat' dir='ltr'>Affuerat</span> <span class='ocrx_word' id='word_1_207' title='bbox 1831 3892 2016 3964; x_wconf 88' lang='lat' dir='ltr'>enim</span> <span class='ocrx_word' id='word_1_208' title='bbox 2061 3892 2183 3982; x_wconf 90' lang='lat' dir='ltr'>ei,</span> <span class='ocrx_word' id='word_1_209' title='bbox 2250 3911 2328 3964; x_wconf 86' lang='lat' dir='ltr'>ut</span> 
     </span>
     <span class='ocr_line' id='line_1_35' title="bbox 282 3986 2331 4089; baseline -0 -26"><span class='ocrx_word' id='word_1_210' title='bbox 282 3989 557 4089; x_wconf 78' lang='lat' dir='ltr'>quidam</span> <span class='ocrx_word' id='word_1_211' title='bbox 587 3994 931 4085; x_wconf 81' lang='lat' dir='ltr'>tradunt,</span> <span class='ocrx_word' id='word_1_212' title='bbox 960 3990 1206 4075; x_wconf 78' lang='lat' dir='ltr'>Paulus</span> <span class='ocrx_word' id='word_1_213' title='bbox 1236 3992 1646 4083; x_wconf 75' lang='lat' dir='ltr'>Diaconos,</span> <span class='ocrx_word' id='word_1_214' title='bbox 1676 3986 1752 4065; x_wconf 64' lang='grc' dir='ltr'>ὅ(</span> <span class='ocrx_word' id='word_1_215' title='bbox 1781 3988 2133 4083; x_wconf 85' lang='lat' dir='ltr'>insuerat,</span> <span class='ocrx_word' id='word_1_216' title='bbox 2182 3990 2331 4063; x_wconf 88' lang='lat' dir='ltr'>imo</span> 
     </span>
    </p>
   </div>
   <div class='ocr_carea' id='block_1_10' title="bbox 26 4067 2341 4601">
    <p class='ocr_par' dir='ltr' id='par_1_11' title="bbox 26 4067 2341 4601">
     <span class='ocr_line' id='line_1_36' title="bbox 26 4067 2341 4601; baseline -0.002 -437"><span class='ocrx_word' id='word_1_217' title='bbox 26 4067 131 4601; x_wconf 43' lang='lat' dir='ltr'>x</span> <span class='ocrx_word' id='word_1_218' title='bbox 1389 4090 1522 4198; x_wconf 24' lang='lat'>*¹3</span> <span class='ocrx_word' id='word_1_219' title='bbox 1839 4161 1842 4164; x_wconf 77' lang='grc'><em>,</em></span> <span class='ocrx_word' id='word_1_220' title='bbox 2211 4085 2341 4183; x_wconf 85' lang='lat' dir='ltr'>(ut</span> 
     </span>
    </p>
   </div>
  </div>
 </body>
</html>
