<?xml version="1.0" encoding="UTF-8"?>
<!DOCTYPE html PUBLIC "-//W3C//DTD XHTML 1.0 Transitional//EN"
    "http://www.w3.org/TR/xhtml1/DTD/xhtml1-transitional.dtd">
<html xmlns="http://www.w3.org/1999/xhtml" xml:lang="en" lang="en">
 <head>
  <title>
</title>
<meta http-equiv="Content-Type" content="text/html;charset=utf-8" />
  <meta name='ocr-system' content='tesseract 3.04.00' />
  <meta name='ocr-capabilities' content='ocr_page ocr_carea ocr_par ocr_line ocrx_word'/>
</head>
<body>
  <div class='ocr_page' id='page_1' title='image "./eutropiibreviar03verhgoog_0077.png"; bbox 0 0 2870 4628; ppageno 0'>
   <div class='ocr_carea' id='block_1_1' title="bbox 533 242 2076 336">
    <p class='ocr_par' dir='ltr' id='par_1_1' title="bbox 533 242 2076 336">
     <span class='ocr_line' id='line_1_1' title="bbox 533 242 2076 336; baseline 0.002 -3"><span class='ocrx_word' id='word_1_1' title='bbox 533 242 651 333; x_wconf 62' lang='lat' dir='ltr'>&#39;tf&#39;</span> <span class='ocrx_word' id='word_1_2' title='bbox 739 248 2076 336; x_wconf 74' lang='lat' dir='ltr'><strong>PRAEFATIONEs.</strong></span> 
     </span>
    </p>
   </div>
   <div class='ocr_carea' id='block_1_2' title="bbox 260 407 2360 2572">
    <p class='ocr_par' dir='ltr' id='par_1_2' title="bbox 260 407 2360 703">
     <span class='ocr_line' id='line_1_2' title="bbox 261 407 2360 515; baseline 0.003 -29"><span class='ocrx_word' id='word_1_3' title='bbox 261 408 524 506; x_wconf 69' lang='lat' dir='ltr'>figens,</span> <span class='ocrx_word' id='word_1_4' title='bbox 576 409 661 484; x_wconf 85' lang='lat' dir='ltr'>in</span> <span class='ocrx_word' id='word_1_5' title='bbox 704 407 996 485; x_wconf 84' lang='lat' dir='ltr'>eadem</span> <span class='ocrx_word' id='word_1_6' title='bbox 1054 407 1375 484; x_wconf 83' lang='lat' dir='ltr'>Historia</span> <span class='ocrx_word' id='word_1_7' title='bbox 1417 409 1709 485; x_wconf 84' lang='lat' dir='ltr'>addidit.</span> <span class='ocrx_word' id='word_1_8' title='bbox 1806 410 2013 515; x_wconf 86' lang='lat' dir='ltr'>Quod</span> <span class='ocrx_word' id='word_1_9' title='bbox 2062 411 2106 485; x_wconf 85' lang='lat' dir='ltr'>fi</span> <span class='ocrx_word' id='word_1_10' title='bbox 2152 412 2360 493; x_wconf 69' lang='lat' dir='ltr'>rudes</span> 
     </span>
     <span class='ocr_line' id='line_1_3' title="bbox 260 506 2355 703; baseline 0.003 -24"><span class='ocrx_word' id='word_1_11' title='bbox 260 506 1920 703; x_wconf 49' lang='lat' dir='ltr'>atati?„2235523223‘32‘3551ss01235333</span> <span class='ocrx_word' id='word_1_12' title='bbox 1946 511 2355 687; x_wconf 49' lang='lat' dir='ltr'>aaa}</span> 
     </span>
    </p>

    <p class='ocr_par' dir='ltr' id='par_1_3' title="bbox 271 653 2356 2572">
     <span class='ocr_line' id='line_1_4' title="bbox 949 653 2356 698; baseline -0.014 -6"><span class='ocrx_word' id='word_1_13' title='bbox 949 656 975 692; x_wconf 70' lang='lat'><em>2</em></span> <span class='ocrx_word' id='word_1_14' title='bbox 2137 665 2164 698; x_wconf 61' lang='lat'>⁵</span> <span class='ocrx_word' id='word_1_15' title='bbox 2325 653 2356 672; x_wconf 73' lang='grc' dir='ltr'><strong>ο</strong></span> 
     </span>
     <span class='ocr_line' id='line_1_5' title="bbox 272 702 2355 802; baseline 0.005 -28"><span class='ocrx_word' id='word_1_16' title='bbox 272 702 679 802; x_wconf 49' lang='lat' dir='ltr'>menti-Hine</span> <span class='ocrx_word' id='word_1_17' title='bbox 719 703 1091 800; x_wconf 79' lang='lat' dir='ltr'>Princeps,</span> <span class='ocrx_word' id='word_1_18' title='bbox 1136 702 1560 798; x_wconf 83' lang='lat' dir='ltr'>conjiciam,</span> <span class='ocrx_word' id='word_1_19' title='bbox 1613 723 1732 778; x_wconf 85' lang='lat' dir='ltr'>aut</span> <span class='ocrx_word' id='word_1_20' title='bbox 1763 705 1942 777; x_wconf 87' lang='lat' dir='ltr'>libro</span> <span class='ocrx_word' id='word_1_21' title='bbox 1980 728 2143 780; x_wconf 85' lang='lat' dir='ltr'>meo</span> <span class='ocrx_word' id='word_1_22' title='bbox 2178 712 2355 801; x_wconf 90' lang='lat' dir='ltr'>poll·</span> 
     </span>
     <span class='ocr_line' id='line_1_6' title="bbox 272 802 2351 902; baseline 0.002 -27"><span class='ocrx_word' id='word_1_23' title='bbox 272 803 533 878; x_wconf 74' lang='lat' dir='ltr'>icem-‘3</span> <span class='ocrx_word' id='word_1_24' title='bbox 604 803 787 876; x_wconf 88' lang='lat' dir='ltr'>Non</span> <span class='ocrx_word' id='word_1_25' title='bbox 837 803 1035 877; x_wconf 87' lang='lat' dir='ltr'>enim</span> <span class='ocrx_word' id='word_1_26' title='bbox 1084 803 1373 875; x_wconf 86' lang='lat' dir='ltr'>barbara</span> <span class='ocrx_word' id='word_1_27' title='bbox 1416 802 2034 899; x_wconf 84' lang='lat' dir='ltr'>Langobardorum</span> <span class='ocrx_word' id='word_1_28' title='bbox 2085 802 2297 902; x_wconf 76' lang='lat' dir='ltr'>stirpe</span> <span class='ocrx_word' id='word_1_29' title='bbox 2326 860 2351 897; x_wconf 82' lang='lat'>‚</span> 
     </span>
     <span class='ocr_line' id='line_1_7' title="bbox 271 897 2351 1002; baseline -0 -26"><span class='ocrx_word' id='word_1_30' title='bbox 271 901 412 976; x_wconf 87' lang='lat' dir='ltr'>sed</span> <span class='ocrx_word' id='word_1_31' title='bbox 459 897 913 997; x_wconf 66' lang='lat' dir='ltr'>gloriofflima</span> <span class='ocrx_word' id='word_1_32' title='bbox 964 900 1179 973; x_wconf 79' lang='lat' dir='ltr'>Domo</span> <span class='ocrx_word' id='word_1_33' title='bbox 1232 901 1553 975; x_wconf 66' lang='lat' dir='ltr'>Santonica</span> <span class='ocrx_word' id='word_1_34' title='bbox 1599 899 1930 973; x_wconf 83' lang='lat' dir='ltr'>oriundus</span> <span class='ocrx_word' id='word_1_35' title='bbox 1985 926 2061 975; x_wconf 82' lang='lat' dir='ltr'>es</span> <span class='ocrx_word' id='word_1_36' title='bbox 2097 956 2122 990; x_wconf 85' lang='lat'>‚</span> <span class='ocrx_word' id='word_1_37' title='bbox 2167 928 2351 1002; x_wconf 78' lang='lat' dir='ltr'>quae</span> 
     </span>
     <span class='ocr_line' id='line_1_8' title="bbox 282 996 2350 1094; baseline 0.002 -22"><span class='ocrx_word' id='word_1_38' title='bbox 282 1020 428 1094; x_wconf 80' lang='lat' dir='ltr'>per</span> <span class='ocrx_word' id='word_1_39' title='bbox 458 998 736 1093; x_wconf 81' lang='lat' dir='ltr'>aliquot</span> <span class='ocrx_word' id='word_1_40' title='bbox 770 998 1001 1072; x_wconf 84' lang='lat' dir='ltr'>adhuc</span> <span class='ocrx_word' id='word_1_41' title='bbox 1033 996 1261 1072; x_wconf 86' lang='lat' dir='ltr'>secula</span> <span class='ocrx_word' id='word_1_42' title='bbox 1306 997 1373 1070; x_wconf 89' lang='lat' dir='ltr'>se</span> <span class='ocrx_word' id='word_1_43' title='bbox 1414 998 1774 1071; x_wconf 85' lang='lat' dir='ltr'>vindicem</span> <span class='ocrx_word' id='word_1_44' title='bbox 1812 996 1892 1072; x_wconf 72' lang='grc' dir='ltr'><strong>ἃ</strong></span> <span class='ocrx_word' id='word_1_45' title='bbox 1929 998 2350 1078; x_wconf 78' lang='lat' dir='ltr'>instauratri-</span> 
     </span>
     <span class='ocr_line' id='line_1_9' title="bbox 290 1093 2347 1195; baseline 0.003 -26"><span class='ocrx_word' id='word_1_46' title='bbox 290 1118 466 1169; x_wconf 87' lang='lat' dir='ltr'>cem</span> <span class='ocrx_word' id='word_1_47' title='bbox 499 1097 901 1186; x_wconf 86' lang='lat' dir='ltr'>literarum,</span> <span class='ocrx_word' id='word_1_48' title='bbox 950 1093 1032 1171; x_wconf 84' lang='lat'>&amp;</span> <span class='ocrx_word' id='word_1_49' title='bbox 1076 1116 1403 1193; x_wconf 81' lang='lat' dir='ltr'>tanquam</span> <span class='ocrx_word' id='word_1_50' title='bbox 1434 1095 1774 1169; x_wconf 86' lang='lat' dir='ltr'>Tutelare</span> <span class='ocrx_word' id='word_1_51' title='bbox 1813 1096 2101 1172; x_wconf 87' lang='lat' dir='ltr'>Numen</span> <span class='ocrx_word' id='word_1_52' title='bbox 2143 1122 2347 1195; x_wconf 87' lang='lat' dir='ltr'>prae-</span> 
     </span>
     <span class='ocr_line' id='line_1_10' title="bbox 283 1190 2347 1290; baseline 0.001 -22"><span class='ocrx_word' id='word_1_53' title='bbox 283 1190 518 1268; x_wconf 87' lang='lat' dir='ltr'>stitit:</span> <span class='ocrx_word' id='word_1_54' title='bbox 572 1193 803 1268; x_wconf 84' lang='lat' dir='ltr'>studia</span> <span class='ocrx_word' id='word_1_55' title='bbox 839 1194 1054 1271; x_wconf 83' lang='lat' dir='ltr'>etiam</span> <span class='ocrx_word' id='word_1_56' title='bbox 1081 1195 1287 1284; x_wconf 87' lang='lat' dir='ltr'>Tua,</span> <span class='ocrx_word' id='word_1_57' title='bbox 1337 1212 1563 1269; x_wconf 86' lang='lat' dir='ltr'>aetate</span> <span class='ocrx_word' id='word_1_58' title='bbox 1608 1195 1818 1287; x_wconf 81' lang='lat' dir='ltr'>longe</span> <span class='ocrx_word' id='word_1_59' title='bbox 1869 1194 2166 1290; x_wconf 78' lang='lat' dir='ltr'>majora,</span> <span class='ocrx_word' id='word_1_60' title='bbox 2218 1199 2347 1272; x_wconf 87' lang='lat' dir='ltr'>du·</span> 
     </span>
     <span class='ocr_line' id='line_1_11' title="bbox 290 1290 2346 1383; baseline 0.003 -19"><span class='ocrx_word' id='word_1_61' title='bbox 290 1292 465 1365; x_wconf 89' lang='lat' dir='ltr'>dum</span> <span class='ocrx_word' id='word_1_62' title='bbox 504 1292 944 1366; x_wconf 81' lang='lat' dir='ltr'>documento</span> <span class='ocrx_word' id='word_1_63' title='bbox 984 1291 1228 1382; x_wconf 78' lang='lat' dir='ltr'>fuere,</span> <span class='ocrx_word' id='word_1_64' title='bbox 1280 1290 1398 1383; x_wconf 71' lang='lat' dir='ltr'>Ta</span> <span class='ocrx_word' id='word_1_65' title='bbox 1442 1293 1531 1365; x_wconf 88' lang='lat' dir='ltr'>ad</span> <span class='ocrx_word' id='word_1_66' title='bbox 1573 1290 2117 1365; x_wconf 63' lang='lat' dir='ltr'>defitiliimorum</span> <span class='ocrx_word' id='word_1_67' title='bbox 2150 1295 2346 1372; x_wconf 83' lang='lat' dir='ltr'>Prin-</span> 
     </span>
     <span class='ocr_line' id='line_1_12' title="bbox 282 1385 2348 1489; baseline 0.003 -27"><span class='ocrx_word' id='word_1_68' title='bbox 282 1390 538 1486; x_wconf 80' lang='lat' dir='ltr'>cipum</span> <span class='ocrx_word' id='word_1_69' title='bbox 583 1390 947 1486; x_wconf 87' lang='lat' dir='ltr'>fastigium</span> <span class='ocrx_word' id='word_1_70' title='bbox 990 1392 1339 1485; x_wconf 80' lang='lat' dir='ltr'>adspirare</span> <span class='ocrx_word' id='word_1_71' title='bbox 1362 1440 1391 1483; x_wconf 87' lang='lat'>‚</span> <span class='ocrx_word' id='word_1_72' title='bbox 1433 1385 1509 1464; x_wconf 74' lang='grc' dir='ltr'>ἃ</span> <span class='ocrx_word' id='word_1_73' title='bbox 1557 1412 1645 1462; x_wconf 80' lang='lat' dir='ltr'>ex</span> <span class='ocrx_word' id='word_1_74' title='bbox 1689 1389 2028 1462; x_wconf 85' lang='lat' dir='ltr'>natalium</span> <span class='ocrx_word' id='word_1_75' title='bbox 2071 1389 2348 1489; x_wconf 79' lang='lat' dir='ltr'>fulgen·</span> 
     </span>
     <span class='ocr_line' id='line_1_13' title="bbox 283 1487 2344 1586; baseline 0.003 -25"><span class='ocrx_word' id='word_1_76' title='bbox 283 1487 553 1562; x_wconf 84' lang='lat' dir='ltr'>tiffimo</span> <span class='ocrx_word' id='word_1_77' title='bbox 578 1489 996 1583; x_wconf 76' lang='lat' dir='ltr'>splendore,</span> <span class='ocrx_word' id='word_1_78' title='bbox 1044 1490 1397 1585; x_wconf 85' lang='lat' dir='ltr'>animique</span> <span class='ocrx_word' id='word_1_79' title='bbox 1430 1488 1703 1562; x_wconf 81' lang='lat' dir='ltr'>cultura</span> <span class='ocrx_word' id='word_1_80' title='bbox 1739 1488 2012 1582; x_wconf 77' lang='lat' dir='ltr'>prorsus</span> <span class='ocrx_word' id='word_1_81' title='bbox 2045 1487 2344 1586; x_wconf 82' lang='lat' dir='ltr'>lingula·</span> 
     </span>
     <span class='ocr_line' id='line_1_14' title="bbox 284 1586 2344 1685; baseline 0.003 -26"><span class='ocrx_word' id='word_1_82' title='bbox 284 1587 392 1677; x_wconf 86' lang='lat' dir='ltr'>ri,</span> <span class='ocrx_word' id='word_1_83' title='bbox 440 1610 606 1660; x_wconf 88' lang='lat' dir='ltr'>eam</span> <span class='ocrx_word' id='word_1_84' title='bbox 635 1588 936 1662; x_wconf 85' lang='lat' dir='ltr'>miscere</span> <span class='ocrx_word' id='word_1_85' title='bbox 962 1606 1175 1685; x_wconf 84' lang='lat' dir='ltr'>atque</span> <span class='ocrx_word' id='word_1_86' title='bbox 1203 1609 1448 1683; x_wconf 83' lang='lat' dir='ltr'>parare</span> <span class='ocrx_word' id='word_1_87' title='bbox 1475 1586 1766 1684; x_wconf 80' lang='lat' dir='ltr'>gloriam</span> <span class='ocrx_word' id='word_1_88' title='bbox 1785 1637 1813 1675; x_wconf 88' lang='lat'><strong><em>,</em></strong></span> <span class='ocrx_word' id='word_1_89' title='bbox 1858 1609 2038 1682; x_wconf 88' lang='lat' dir='ltr'>quae</span> <span class='ocrx_word' id='word_1_90' title='bbox 2071 1587 2210 1662; x_wconf 86' lang='lat' dir='ltr'>sola</span> <span class='ocrx_word' id='word_1_91' title='bbox 2237 1588 2344 1667; x_wconf 78' lang='lat' dir='ltr'>est</span> 
     </span>
     <span class='ocr_line' id='line_1_15' title="bbox 287 1684 2340 1785; baseline 0.002 -28"><span class='ocrx_word' id='word_1_92' title='bbox 287 1687 739 1759; x_wconf 73' lang='lat' dir='ltr'>mortalitatis</span> <span class='ocrx_word' id='word_1_93' title='bbox 781 1689 1180 1760; x_wconf 77' lang='lat' dir='ltr'>immortale</span> <span class='ocrx_word' id='word_1_94' title='bbox 1224 1704 1738 1759; x_wconf 85' lang='lat' dir='ltr'>ornamentum.</span> <span class='ocrx_word' id='word_1_95' title='bbox 1832 1684 1938 1757; x_wconf 76' lang='lat' dir='ltr'>Ex</span> <span class='ocrx_word' id='word_1_96' title='bbox 1983 1686 2090 1759; x_wconf 76' lang='lat' dir='ltr'>hie</span> <span class='ocrx_word' id='word_1_97' title='bbox 2138 1711 2340 1785; x_wconf 83' lang='lat' dir='ltr'>argu·</span> 
     </span>
     <span class='ocr_line' id='line_1_16' title="bbox 289 1780 2342 1880; baseline 0.002 -25"><span class='ocrx_word' id='word_1_98' title='bbox 289 1786 548 1858; x_wconf 68' lang='lat' dir='ltr'>mentis</span> <span class='ocrx_word' id='word_1_99' title='bbox 575 1837 599 1869; x_wconf 84' lang='lat'>‚</span> <span class='ocrx_word' id='word_1_100' title='bbox 648 1806 795 1858; x_wconf 83' lang='lat' dir='ltr'>non</span> <span class='ocrx_word' id='word_1_101' title='bbox 825 1783 1063 1858; x_wconf 84' lang='lat' dir='ltr'>fallaci</span> <span class='ocrx_word' id='word_1_102' title='bbox 1090 1784 1424 1879; x_wconf 71' lang='lat' dir='ltr'>angui-ie,</span> <span class='ocrx_word' id='word_1_103' title='bbox 1467 1782 1793 1858; x_wconf 85' lang='lat' dir='ltr'>divinate</span> <span class='ocrx_word' id='word_1_104' title='bbox 1823 1780 2129 1880; x_wconf 80' lang='lat' dir='ltr'>poffum,</span> <span class='ocrx_word' id='word_1_105' title='bbox 2179 1784 2342 1860; x_wconf 82' lang='lat' dir='ltr'>sore</span> 
     </span>
     <span class='ocr_line' id='line_1_17' title="bbox 286 1881 2344 1978; baseline 0.002 -23"><span class='ocrx_word' id='word_1_106' title='bbox 286 1882 725 1977; x_wconf 80' lang='lat' dir='ltr'>aliquando,</span> <span class='ocrx_word' id='word_1_107' title='bbox 790 1901 869 1955; x_wconf 88' lang='lat' dir='ltr'>ut</span> <span class='ocrx_word' id='word_1_108' title='bbox 918 1883 1110 1973; x_wconf 86' lang='lat' dir='ltr'>spem</span> <span class='ocrx_word' id='word_1_109' title='bbox 1163 1882 1307 1955; x_wconf 84' lang='lat' dir='ltr'>Tui</span> <span class='ocrx_word' id='word_1_110' title='bbox 1352 1881 1782 1955; x_wconf 83' lang='lat' dir='ltr'>concitatam</span> <span class='ocrx_word' id='word_1_111' title='bbox 1845 1902 1986 1954; x_wconf 84' lang='lat' dir='ltr'>non</span> <span class='ocrx_word' id='word_1_112' title='bbox 2046 1883 2344 1978; x_wconf 69' lang='lat' dir='ltr'>impleas</span> 
     </span>
     <span class='ocr_line' id='line_1_18' title="bbox 290 1980 2339 2077; baseline 0.002 -27"><span class='ocrx_word' id='word_1_113' title='bbox 290 1980 569 2066; x_wconf 84' lang='lat' dir='ltr'>modo,</span> <span class='ocrx_word' id='word_1_114' title='bbox 612 1982 728 2053; x_wconf 87' lang='lat' dir='ltr'>sed</span> <span class='ocrx_word' id='word_1_115' title='bbox 766 1981 1065 2054; x_wconf 81' lang='lat' dir='ltr'>mirifice</span> <span class='ocrx_word' id='word_1_116' title='bbox 1101 2000 1379 2077; x_wconf 85' lang='lat' dir='ltr'>quoque</span> <span class='ocrx_word' id='word_1_117' title='bbox 1419 1981 1660 2054; x_wconf 81' lang='lat' dir='ltr'>vincas</span> <span class='ocrx_word' id='word_1_118' title='bbox 1690 1998 1899 2077; x_wconf 89' lang='lat' dir='ltr'>atque</span> <span class='ocrx_word' id='word_1_119' title='bbox 1937 1982 2339 2075; x_wconf 70' lang='lat' dir='ltr'>exsuperes.</span> 
     </span>
     <span class='ocr_line' id='line_1_19' title="bbox 292 2076 2340 2173; baseline 0.002 -26"><span class='ocrx_word' id='word_1_120' title='bbox 292 2076 390 2147; x_wconf 79' lang='lat' dir='ltr'>ld</span> <span class='ocrx_word' id='word_1_121' title='bbox 425 2078 647 2150; x_wconf 85' lang='lat' dir='ltr'>etiam</span> <span class='ocrx_word' id='word_1_122' title='bbox 683 2078 822 2151; x_wconf 70' lang='lat' dir='ltr'>Tua</span> <span class='ocrx_word' id='word_1_123' title='bbox 852 2079 1022 2153; x_wconf 88' lang='lat' dir='ltr'>mihi</span> <span class='ocrx_word' id='word_1_124' title='bbox 1065 2079 1416 2153; x_wconf 77' lang='lat' dir='ltr'>Clementia</span> <span class='ocrx_word' id='word_1_125' title='bbox 1446 2079 1799 2171; x_wconf 77' lang='lat' dir='ltr'>indulget,</span> <span class='ocrx_word' id='word_1_126' title='bbox 1848 2094 1926 2151; x_wconf 88' lang='lat' dir='ltr'>ut</span> <span class='ocrx_word' id='word_1_127' title='bbox 1972 2100 2112 2151; x_wconf 87' lang='lat' dir='ltr'>non</span> <span class='ocrx_word' id='word_1_128' title='bbox 2159 2079 2340 2173; x_wconf 76' lang='lat' dir='ltr'>inju-</span> 
     </span>
     <span class='ocr_line' id='line_1_20' title="bbox 291 2166 2342 2270; baseline 0.001 -22"><span class='ocrx_word' id='word_1_129' title='bbox 291 2176 619 2248; x_wconf 82' lang='lat' dir='ltr'>cundum</span> <span class='ocrx_word' id='word_1_130' title='bbox 651 2174 801 2248; x_wconf 85' lang='lat' dir='ltr'>fore</span> <span class='ocrx_word' id='word_1_131' title='bbox 830 2176 1002 2251; x_wconf 76' lang='lat' dir='ltr'>hunc</span> <span class='ocrx_word' id='word_1_132' title='bbox 1037 2166 1355 2252; x_wconf 75' lang='lat' dir='ltr'>libellum</span> <span class='ocrx_word' id='word_1_133' title='bbox 1396 2176 1795 2263; x_wconf 78' lang='lat' dir='ltr'>confidam,</span> <span class='ocrx_word' id='word_1_134' title='bbox 1837 2197 2048 2270; x_wconf 88' lang='lat' dir='ltr'>quem</span> <span class='ocrx_word' id='word_1_135' title='bbox 2088 2194 2164 2248; x_wconf 82' lang='lat' dir='ltr'>ut</span> <span class='ocrx_word' id='word_1_136' title='bbox 2191 2178 2342 2249; x_wconf 85' lang='lat' dir='ltr'>cul·</span> 
     </span>
     <span class='ocr_line' id='line_1_21' title="bbox 287 2271 2342 2370; baseline -0.001 -23"><span class='ocrx_word' id='word_1_137' title='bbox 287 2290 414 2347; x_wconf 75' lang='lat' dir='ltr'>tus</span> <span class='ocrx_word' id='word_1_138' title='bbox 456 2271 920 2368; x_wconf 57' lang='lat' dir='ltr'>subjedtiffimi</span> <span class='ocrx_word' id='word_1_139' title='bbox 948 2273 1259 2352; x_wconf 81' lang='lat' dir='ltr'>obfidem</span> <span class='ocrx_word' id='word_1_140' title='bbox 1286 2328 1314 2368; x_wconf 91' lang='lat'><strong>,</strong></span> <span class='ocrx_word' id='word_1_141' title='bbox 1359 2273 1762 2370; x_wconf 83' lang='lat' dir='ltr'>animique,</span> <span class='ocrx_word' id='word_1_142' title='bbox 1793 2293 1936 2345; x_wconf 88' lang='lat' dir='ltr'>non</span> <span class='ocrx_word' id='word_1_143' title='bbox 1967 2272 2342 2346; x_wconf 81' lang='lat' dir='ltr'>immemo-</span> 
     </span>
     <span class='ocr_line' id='line_1_22' title="bbox 277 2367 2339 2470; baseline 0.001 -25"><span class='ocrx_word' id='word_1_144' title='bbox 277 2375 385 2446; x_wconf 79' lang='lat' dir='ltr'>ris</span> <span class='ocrx_word' id='word_1_145' title='bbox 440 2373 950 2447; x_wconf 83' lang='lat' dir='ltr'>beneficiorum</span> <span class='ocrx_word' id='word_1_146' title='bbox 986 2428 1017 2468; x_wconf 36' lang='grc' dir='ltr'>λ</span> <span class='ocrx_word' id='word_1_147' title='bbox 1075 2373 1324 2450; x_wconf 88' lang='lat' dir='ltr'>testem</span> <span class='ocrx_word' id='word_1_148' title='bbox 1356 2427 1382 2465; x_wconf 89' lang='lat'>‚</span> <span class='ocrx_word' id='word_1_149' title='bbox 1444 2396 1627 2470; x_wconf 86' lang='lat' dir='ltr'>quae</span> <span class='ocrx_word' id='word_1_150' title='bbox 1686 2393 1775 2445; x_wconf 81' lang='lat' dir='ltr'>ex</span> <span class='ocrx_word' id='word_1_151' title='bbox 1828 2367 2126 2467; x_wconf 80' lang='lat' dir='ltr'>Augusta</span> <span class='ocrx_word' id='word_1_152' title='bbox 2197 2370 2339 2449; x_wconf 73' lang='lat' dir='ltr'>Tua</span> 
     </span>
     <span class='ocr_line' id='line_1_23' title="bbox 282 2466 2335 2572; baseline 0 -28"><span class='ocrx_word' id='word_1_153' title='bbox 282 2472 547 2558; x_wconf 82' lang='lat' dir='ltr'>Domo,</span> <span class='ocrx_word' id='word_1_154' title='bbox 598 2472 1180 2572; x_wconf 63' lang='lat' dir='ltr'>quoadSch‘olae</span> <span class='ocrx_word' id='word_1_155' title='bbox 1228 2471 1622 2570; x_wconf 81' lang='lat' dir='ltr'>Episcopali</span> <span class='ocrx_word' id='word_1_156' title='bbox 1679 2466 1949 2564; x_wconf 78' lang='lat' dir='ltr'>praefui</span> <span class='ocrx_word' id='word_1_157' title='bbox 1983 2522 2004 2553; x_wconf 87' lang='lat'>,</span> <span class='ocrx_word' id='word_1_158' title='bbox 2059 2467 2335 2546; x_wconf 87' lang='lat' dir='ltr'>infinite</span> 
     </span>
    </p>
   </div>
   <div class='ocr_carea' id='block_1_3' title="bbox 278 2564 2492 2666">
    <p class='ocr_par' dir='ltr' id='par_1_4' title="bbox 278 2564 2492 2666">
     <span class='ocr_line' id='line_1_24' title="bbox 278 2564 2492 2666; baseline 0 -24"><span class='ocrx_word' id='word_1_159' title='bbox 278 2568 608 2666; x_wconf 67' lang='lat' dir='ltr'>p&#39;rofe3a</span> <span class='ocrx_word' id='word_1_160' title='bbox 636 2572 844 2656; x_wconf 85' lang='lat' dir='ltr'>sunt,</span> <span class='ocrx_word' id='word_1_161' title='bbox 888 2572 1234 2665; x_wconf 78' lang='lat' dir='ltr'>accipias,</span> <span class='ocrx_word' id='word_1_162' title='bbox 1279 2593 1582 2666; x_wconf 89' lang='lat' dir='ltr'>eumque</span> <span class='ocrx_word' id='word_1_163' title='bbox 1614 2592 1706 2644; x_wconf 80' lang='lat' dir='ltr'>ex</span> <span class='ocrx_word' id='word_1_164' title='bbox 1733 2564 2148 2642; x_wconf 79' lang='lat' dir='ltr'>illustriffimi</span> <span class='ocrx_word' id='word_1_165' title='bbox 2179 2568 2341 2642; x_wconf 84' lang='lat' dir='ltr'>No·</span> <span class='ocrx_word' id='word_1_166' title='bbox 2485 2583 2492 2590; x_wconf 74' lang='grc'><em>“</em></span> 
     </span>
    </p>
   </div>
   <div class='ocr_carea' id='block_1_4' title="bbox 266 2665 2337 3256">
    <p class='ocr_par' dir='ltr' id='par_1_5' title="bbox 266 2665 2337 3256">
     <span class='ocr_line' id='line_1_25' title="bbox 282 2665 2337 2764; baseline 0 -24"><span class='ocrx_word' id='word_1_167' title='bbox 282 2670 493 2743; x_wconf 73' lang='lat' dir='ltr'>minis</span> <span class='ocrx_word' id='word_1_168' title='bbox 536 2670 687 2743; x_wconf 91' lang='lat' dir='ltr'>Tui</span> <span class='ocrx_word' id='word_1_169' title='bbox 732 2668 1016 2764; x_wconf 80' lang='lat' dir='ltr'>fulgore</span> <span class='ocrx_word' id='word_1_170' title='bbox 1062 2668 1320 2763; x_wconf 85' lang='lat' dir='ltr'>aliquid</span> <span class='ocrx_word' id='word_1_171' title='bbox 1354 2668 1632 2743; x_wconf 81' lang='lat' dir='ltr'>luminis</span> <span class='ocrx_word' id='word_1_172' title='bbox 1671 2667 1969 2753; x_wconf 84' lang='lat' dir='ltr'>habere,</span> <span class='ocrx_word' id='word_1_173' title='bbox 2020 2665 2337 2741; x_wconf 83' lang='lat' dir='ltr'>clemen·</span> 
     </span>
     <span class='ocr_line' id='line_1_26' title="bbox 280 2762 2334 2863; baseline -0.001 -24"><span class='ocrx_word' id='word_1_174' title='bbox 280 2766 531 2840; x_wconf 78' lang='lat' dir='ltr'>tiffime</span> <span class='ocrx_word' id='word_1_175' title='bbox 569 2767 910 2863; x_wconf 51' lang='lat' dir='ltr'>pati-arim</span> <span class='ocrx_word' id='word_1_176' title='bbox 962 2767 1346 2843; x_wconf 80' lang='lat' dir='ltr'>humillime</span> <span class='ocrx_word' id='word_1_177' title='bbox 1378 2762 1833 2862; x_wconf 82' lang='lat' dir='ltr'>submisseque</span> <span class='ocrx_word' id='word_1_178' title='bbox 1870 2763 2130 2857; x_wconf 83' lang='lat' dir='ltr'>rogito.</span> <span class='ocrx_word' id='word_1_179' title='bbox 2180 2765 2334 2838; x_wconf 88' lang='lat' dir='ltr'>Va·</span> 
     </span>
     <span class='ocr_line' id='line_1_27' title="bbox 283 2862 2334 2963; baseline -0 -26"><span class='ocrx_word' id='word_1_180' title='bbox 283 2864 389 2955; x_wconf 78' lang='lat' dir='ltr'>le,</span> <span class='ocrx_word' id='word_1_181' title='bbox 416 2862 834 2963; x_wconf 77' lang='lat' dir='ltr'>Seremffime</span> <span class='ocrx_word' id='word_1_182' title='bbox 861 2865 1175 2959; x_wconf 81' lang='lat' dir='ltr'>Princeps</span> <span class='ocrx_word' id='word_1_183' title='bbox 1195 2921 1215 2955; x_wconf 90' lang='lat'>‚</span> <span class='ocrx_word' id='word_1_184' title='bbox 1251 2863 1327 2940; x_wconf 73' lang='grc' dir='ltr'>ἃ.</span> <span class='ocrx_word' id='word_1_185' title='bbox 1359 2866 1426 2939; x_wconf 86' lang='lat' dir='ltr'>in</span> <span class='ocrx_word' id='word_1_186' title='bbox 1476 2863 1768 2939; x_wconf 81' lang='lat' dir='ltr'>delicias</span> <span class='ocrx_word' id='word_1_187' title='bbox 1806 2863 2178 2935; x_wconf 83' lang='lat' dir='ltr'>Parentum</span> <span class='ocrx_word' id='word_1_188' title='bbox 2209 2864 2334 2937; x_wconf 87' lang='lat' dir='ltr'>Se·</span> 
     </span>
     <span class='ocr_line' id='line_1_28' title="bbox 276 2957 2331 3057; baseline -0.002 -20"><span class='ocrx_word' id='word_1_189' title='bbox 276 2965 789 3040; x_wconf 83' lang='lat' dir='ltr'>renifiimorum</span> <span class='ocrx_word' id='word_1_190' title='bbox 819 3019 842 3050; x_wconf 91' lang='lat'><strong>‚</strong></span> <span class='ocrx_word' id='word_1_191' title='bbox 891 2964 964 3036; x_wconf 88' lang='lat' dir='ltr'>in</span> <span class='ocrx_word' id='word_1_192' title='bbox 1010 2964 1198 3056; x_wconf 89' lang='lat' dir='ltr'>spem</span> <span class='ocrx_word' id='word_1_193' title='bbox 1243 2964 1507 3057; x_wconf 84' lang='lat' dir='ltr'>patriae</span> <span class='ocrx_word' id='word_1_194' title='bbox 1533 3016 1555 3048; x_wconf 90' lang='lat'><strong>,</strong></span> <span class='ocrx_word' id='word_1_195' title='bbox 1606 2961 1993 3054; x_wconf 86' lang='lat' dir='ltr'>Gentisque</span> <span class='ocrx_word' id='word_1_196' title='bbox 2038 2957 2331 3033; x_wconf 82' lang='lat' dir='ltr'>Saxoni-</span> 
     </span>
     <span class='ocr_line' id='line_1_29' title="bbox 274 3057 2333 3152; baseline -0.003 -15"><span class='ocrx_word' id='word_1_197' title='bbox 274 3066 686 3152; x_wconf 76' lang='lat' dir='ltr'>caedecus,</span> <span class='ocrx_word' id='word_1_198' title='bbox 746 3061 825 3137; x_wconf 74' lang='grc' dir='ltr'>ἀ</span> <span class='ocrx_word' id='word_1_199' title='bbox 864 3063 940 3136; x_wconf 89' lang='lat' dir='ltr'>in</span> <span class='ocrx_word' id='word_1_200' title='bbox 994 3062 1311 3134; x_wconf 84' lang='lat' dir='ltr'>omnium</span> <span class='ocrx_word' id='word_1_201' title='bbox 1362 3064 1710 3135; x_wconf 84' lang='lat' dir='ltr'>bonorum</span> <span class='ocrx_word' id='word_1_202' title='bbox 1759 3058 2078 3132; x_wconf 81' lang='lat' dir='ltr'>solatium</span> <span class='ocrx_word' id='word_1_203' title='bbox 2125 3057 2333 3149; x_wconf 80' lang='lat' dir='ltr'>vive,</span> 
     </span>
     <span class='ocr_line' id='line_1_30' title="bbox 266 3158 1606 3256; baseline -0.005 -20"><span class='ocrx_word' id='word_1_204' title='bbox 266 3165 500 3239; x_wconf 72' lang='lat' dir='ltr'>cresce</span> <span class='ocrx_word' id='word_1_205' title='bbox 524 3215 554 3256; x_wconf 87' lang='lat'><em>,</em></span> <span class='ocrx_word' id='word_1_206' title='bbox 604 3161 825 3236; x_wconf 86' lang='lat' dir='ltr'>flore.</span> <span class='ocrx_word' id='word_1_207' title='bbox 932 3159 1143 3235; x_wconf 89' lang='lat' dir='ltr'>Tuae</span> <span class='ocrx_word' id='word_1_208' title='bbox 1187 3158 1606 3234; x_wconf 72' lang='lat' dir='ltr'>Serenitati·</span> 
     </span>
    </p>
   </div>
   <div class='ocr_carea' id='block_1_5' title="bbox 317 3390 2155 3566">
    <p class='ocr_par' dir='ltr' id='par_1_6' title="bbox 317 3390 2155 3566">
     <span class='ocr_line' id='line_1_31' title="bbox 317 3390 2155 3494; baseline 0.003 -32"><span class='ocrx_word' id='word_1_209' title='bbox 317 3403 469 3464; x_wconf 74' lang='lat' dir='ltr'>cfzae</span> <span class='ocrx_word' id='word_1_210' title='bbox 504 3400 716 3462; x_wconf 83' lang='lat' dir='ltr'>Idibus</span> <span class='ocrx_word' id='word_1_211' title='bbox 761 3395 1013 3457; x_wconf 69' lang='lat' dir='ltr'>Martiis</span> <span class='ocrx_word' id='word_1_212' title='bbox 1375 3390 1880 3493; x_wconf 61' lang='lat' dir='ltr'>subjestffmus</span> <span class='ocrx_word' id='word_1_213' title='bbox 1911 3391 2155 3494; x_wconf 67' lang='lat' dir='ltr'>servffl&#39;</span> 
     </span>
     <span class='ocr_line' id='line_1_32' title="bbox 346 3489 973 3566; baseline -0.014 -4"><span class='ocrx_word' id='word_1_214' title='bbox 346 3503 444 3566; x_wconf 68' lang='lat' dir='ltr'>clo</span> <span class='ocrx_word' id='word_1_215' title='bbox 488 3499 559 3560; x_wconf 68' lang='lat'>12</span> <span class='ocrx_word' id='word_1_216' title='bbox 602 3489 973 3560; x_wconf 75' lang='lat' dir='ltr'><strong>LXXVIII·</strong></span> 
     </span>
    </p>
   </div>
   <div class='ocr_carea' id='block_1_6' title="bbox 1250 3588 2327 3669">
    <p class='ocr_par' dir='ltr' id='par_1_7' title="bbox 1250 3588 2327 3669">
     <span class='ocr_line' id='line_1_33' title="bbox 1250 3588 2327 3669; baseline -0.004 0"><span class='ocrx_word' id='word_1_217' title='bbox 1250 3593 1853 3669; x_wconf 71' lang='lat' dir='ltr'>Cumsrornoxus</span> <span class='ocrx_word' id='word_1_218' title='bbox 1900 3588 2327 3665; x_wconf 58' lang='lat' dir='ltr'>Cantemus.</span> 
     </span>
    </p>
   </div>
  </div>
 </body>
</html>
