<?xml version="1.0" encoding="UTF-8"?>
<!DOCTYPE html PUBLIC "-//W3C//DTD XHTML 1.0 Transitional//EN"
    "http://www.w3.org/TR/xhtml1/DTD/xhtml1-transitional.dtd">
<html xmlns="http://www.w3.org/1999/xhtml" xml:lang="en" lang="en">
 <head>
  <title>
</title>
<meta http-equiv="Content-Type" content="text/html;charset=utf-8" />
  <meta name='ocr-system' content='tesseract 3.04.00' />
  <meta name='ocr-capabilities' content='ocr_page ocr_carea ocr_par ocr_line ocrx_word'/>
</head>
<body>
  <div class='ocr_page' id='page_1' title='image "./eutropiibreviar03verhgoog_0064.png"; bbox 0 0 2870 4628; ppageno 0'>
   <div class='ocr_carea' id='block_1_1' title="bbox 945 235 2194 317">
    <p class='ocr_par' dir='ltr' id='par_1_1' title="bbox 945 235 2194 317">
     <span class='ocr_line' id='line_1_1' title="bbox 945 235 2194 317; baseline 0.001 -1"><span class='ocrx_word' id='word_1_1' title='bbox 945 235 2194 317; x_wconf 77' lang='lat' dir='ltr'>DEDICATIONES</span> 
     </span>
    </p>
   </div>
   <div class='ocr_carea' id='block_1_2' title="bbox 543 391 2598 885">
    <p class='ocr_par' dir='ltr' id='par_1_2' title="bbox 543 391 2598 885">
     <span class='ocr_line' id='line_1_2' title="bbox 544 391 2598 496; baseline -0.003 -22"><span class='ocrx_word' id='word_1_2' title='bbox 544 391 769 496; x_wconf 79' lang='lat' dir='ltr'>bere)</span> <span class='ocrx_word' id='word_1_3' title='bbox 814 407 963 467; x_wconf 87' lang='lat' dir='ltr'><strong>tum</strong></span> <span class='ocrx_word' id='word_1_4' title='bbox 1001 392 1195 489; x_wconf 86' lang='lat' dir='ltr'>qnod</span> <span class='ocrx_word' id='word_1_5' title='bbox 1244 394 1434 468; x_wconf 85' lang='lat' dir='ltr'>belle</span> <span class='ocrx_word' id='word_1_6' title='bbox 1471 392 1556 467; x_wconf 87' lang='lat' dir='ltr'><strong>fit</strong></span> <span class='ocrx_word' id='word_1_7' title='bbox 1584 391 1945 487; x_wconf 80' lang='lat' dir='ltr'><strong>sequutus,</strong></span> <span class='ocrx_word' id='word_1_8' title='bbox 1994 392 2269 489; x_wconf 86' lang='lat' dir='ltr'>quaein</span> <span class='ocrx_word' id='word_1_9' title='bbox 2299 411 2392 466; x_wconf 87' lang='lat' dir='ltr'><strong>eo</strong></span> <span class='ocrx_word' id='word_1_10' title='bbox 2419 393 2598 467; x_wconf 82' lang='lat' dir='ltr'>orbe</span> 
     </span>
     <span class='ocr_line' id='line_1_3' title="bbox 545 489 2595 588; baseline -0.002 -18"><span class='ocrx_word' id='word_1_11' title='bbox 545 498 706 571; x_wconf 85' lang='lat' dir='ltr'><strong>sunt</strong></span> <span class='ocrx_word' id='word_1_12' title='bbox 754 489 983 587; x_wconf 78' lang='lat' dir='ltr'>gesta:</span> <span class='ocrx_word' id='word_1_13' title='bbox 1033 490 1385 588; x_wconf 86' lang='lat' dir='ltr'>postremo</span> <span class='ocrx_word' id='word_1_14' title='bbox 1423 545 1444 580; x_wconf 91' lang='lat'>,</span> <span class='ocrx_word' id='word_1_15' title='bbox 1508 492 1696 588; x_wconf 89' lang='lat' dir='ltr'>quod</span> <span class='ocrx_word' id='word_1_16' title='bbox 1738 490 1825 564; x_wconf 87' lang='lat' dir='ltr'><strong>ad</strong></span> <span class='ocrx_word' id='word_1_17' title='bbox 1869 513 2033 564; x_wconf 90' lang='lat' dir='ltr'><strong>eum</strong></span> <span class='ocrx_word' id='word_1_18' title='bbox 2085 489 2351 588; x_wconf 85' lang='lat' dir='ltr'>scripfit</span> <span class='ocrx_word' id='word_1_19' title='bbox 2380 542 2408 581; x_wconf 90' lang='lat'>,</span> <span class='ocrx_word' id='word_1_20' title='bbox 2470 491 2595 588; x_wconf 90' lang='lat' dir='ltr'><strong>qui</strong></span> 
     </span>
     <span class='ocr_line' id='line_1_4' title="bbox 546 587 2591 688; baseline -0.003 -20"><span class='ocrx_word' id='word_1_21' title='bbox 546 591 735 688; x_wconf 77' lang='lat' dir='ltr'>apud</span> <span class='ocrx_word' id='word_1_22' title='bbox 769 587 1443 685; x_wconf 80' lang='lat' dir='ltr'><strong>Constantinopolim</strong></span> <span class='ocrx_word' id='word_1_23' title='bbox 1464 643 1487 677; x_wconf 94' lang='lat'>,</span> <span class='ocrx_word' id='word_1_24' title='bbox 1538 610 1812 688; x_wconf 87' lang='lat' dir='ltr'><strong>partem</strong></span> <span class='ocrx_word' id='word_1_25' title='bbox 1845 588 2129 680; x_wconf 85' lang='lat' dir='ltr'>Imperii</span> <span class='ocrx_word' id='word_1_26' title='bbox 2156 590 2462 664; x_wconf 84' lang='lat' dir='ltr'><strong>Romani</strong></span> <span class='ocrx_word' id='word_1_27' title='bbox 2488 591 2591 662; x_wconf 89' lang='lat' dir='ltr'><strong>O-</strong></span> 
     </span>
     <span class='ocr_line' id='line_1_5' title="bbox 543 685 2591 785; baseline -0.004 -19"><span class='ocrx_word' id='word_1_28' title='bbox 543 690 917 766; x_wconf 81' lang='lat' dir='ltr'><strong>rientalem</strong></span> <span class='ocrx_word' id='word_1_29' title='bbox 966 685 1515 763; x_wconf 80' lang='lat' dir='ltr'><strong>administrabat.</strong></span> <span class='ocrx_word' id='word_1_30' title='bbox 1620 687 1862 764; x_wconf 83' lang='lat' dir='ltr'>Vale:</span> <span class='ocrx_word' id='word_1_31' title='bbox 1926 687 2410 785; x_wconf 80' lang='lat' dir='ltr'>Burdegalae‚</span> <span class='ocrx_word' id='word_1_32' title='bbox 2467 709 2591 761; x_wconf 81' lang='lat' dir='ltr'><strong>xv.</strong></span> 
     </span>
     <span class='ocr_line' id='line_1_6' title="bbox 551 785 1316 885; baseline -0.005 -20"><span class='ocrx_word' id='word_1_33' title='bbox 551 789 698 865; x_wconf 84' lang='lat' dir='ltr'><strong>Cal.</strong></span> <span class='ocrx_word' id='word_1_34' title='bbox 734 785 998 885; x_wconf 73' lang='lat' dir='ltr'>Junian.</span> <span class='ocrx_word' id='word_1_35' title='bbox 1049 807 1316 861; x_wconf 71' lang='lat' dir='ltr'><strong>numu.</strong></span> 
     </span>
    </p>
   </div>
   <div class='ocr_carea' id='block_1_3' title="bbox 691 954 2465 1087">
    <p class='ocr_par' dir='ltr' id='par_1_3' title="bbox 691 954 2465 1087">
     <span class='ocr_line' id='line_1_7' title="bbox 691 954 2465 1087; baseline -0.001 -2"><span class='ocrx_word' id='word_1_36' title='bbox 691 954 2465 1087; x_wconf 53' lang='lat' dir='ltr'>ELlasleETus</span> 
     </span>
    </p>
   </div>
   <div class='ocr_carea' id='block_1_4' title="bbox 559 1181 2606 1475">
    <p class='ocr_par' dir='ltr' id='par_1_4' title="bbox 559 1181 2606 1475">
     <span class='ocr_line' id='line_1_8' title="bbox 559 1181 2606 1289; baseline -0.003 -1"><span class='ocrx_word' id='word_1_37' title='bbox 559 1183 1506 1288; x_wconf 89' lang='lat' dir='ltr'><strong>GUILIELMO</strong></span> <span class='ocrx_word' id='word_1_38' title='bbox 1594 1181 2606 1289; x_wconf 85' lang='lat' dir='ltr'><strong>GUERENTAE</strong></span> 
     </span>
     <span class='ocr_line' id='line_1_9' title="bbox 1393 1400 1774 1475; baseline -0.003 -1"><span class='ocrx_word' id='word_1_39' title='bbox 1393 1402 1469 1474; x_wconf 84' lang='lat' dir='ltr'><strong>s.</strong></span> <span class='ocrx_word' id='word_1_40' title='bbox 1531 1400 1608 1474; x_wconf 89' lang='grc' dir='ltr'><strong>Ρ.</strong></span> <span class='ocrx_word' id='word_1_41' title='bbox 1674 1400 1774 1475; x_wconf 86' lang='lat' dir='ltr'><strong>D.</strong></span> 
     </span>
    </p>
   </div>
   <div class='ocr_carea' id='block_1_5' title="bbox 558 1577 2622 3448">
    <p class='ocr_par' dir='ltr' id='par_1_5' title="bbox 741 1577 2608 1679">
     <span class='ocr_line' id='line_1_10' title="bbox 741 1577 2608 1679; baseline 0.001 -24"><span class='ocrx_word' id='word_1_42' title='bbox 741 1581 1096 1677; x_wconf 85' lang='lat' dir='ltr'><strong>utropium</strong></span> <span class='ocrx_word' id='word_1_43' title='bbox 1188 1577 1503 1655; x_wconf 83' lang='lat' dir='ltr'><strong>nostrum</strong></span> <span class='ocrx_word' id='word_1_44' title='bbox 1583 1583 2097 1679; x_wconf 78' lang='lat' dir='ltr'>quamprimum</span> <span class='ocrx_word' id='word_1_45' title='bbox 2184 1584 2543 1675; x_wconf 81' lang='lat' dir='ltr'>acceperis</span> <span class='ocrx_word' id='word_1_46' title='bbox 2578 1594 2608 1673; x_wconf 81' lang='lat'><strong>,&#39;</strong></span> 
     </span>
    </p>

    <p class='ocr_par' dir='ltr' id='par_1_6' title="bbox 558 1678 2622 3425">
     <span class='ocr_line' id='line_1_11' title="bbox 777 1678 2605 1778; baseline 0.002 -29"><span class='ocrx_word' id='word_1_47' title='bbox 777 1678 1125 1778; x_wconf 85' lang='lat' dir='ltr'><strong>(promifit</strong></span> <span class='ocrx_word' id='word_1_48' title='bbox 1157 1678 1661 1772; x_wconf 82' lang='lat' dir='ltr'><strong>Enguilbertus</strong></span> <span class='ocrx_word' id='word_1_49' title='bbox 1705 1678 2093 1754; x_wconf 80' lang='lat' dir='ltr'><strong>Marnefius</strong></span> <span class='ocrx_word' id='word_1_50' title='bbox 2131 1679 2431 1753; x_wconf 66' lang='lat' dir='ltr'>Pielavis</span> <span class='ocrx_word' id='word_1_51' title='bbox 2463 1682 2605 1753; x_wconf 90' lang='lat' dir='ltr'><strong>Lu-</strong></span> 
     </span>
     <span class='ocr_line' id='line_1_12' title="bbox 560 1773 2608 1873; baseline 0 -21"><span class='ocrx_word' id='word_1_52' title='bbox 560 1784 812 1852; x_wconf 86' lang='lat' dir='ltr'><strong>tetiam</strong></span> <span class='ocrx_word' id='word_1_53' title='bbox 855 1777 985 1850; x_wconf 84' lang='lat' dir='ltr'><strong>tibi</strong></span> <span class='ocrx_word' id='word_1_54' title='bbox 1029 1773 1435 1871; x_wconf 85' lang='lat' dir='ltr'><strong>missurum)</strong></span> <span class='ocrx_word' id='word_1_55' title='bbox 1490 1779 1806 1853; x_wconf 85' lang='lat' dir='ltr'>Nicolao</span> <span class='ocrx_word' id='word_1_56' title='bbox 1849 1777 2209 1859; x_wconf 81' lang='lat' dir='ltr'>Grouchio</span> <span class='ocrx_word' id='word_1_57' title='bbox 2251 1776 2608 1873; x_wconf 87' lang='lat' dir='ltr'>perferen·</span> 
     </span>
     <span class='ocr_line' id='line_1_13' title="bbox 562 1870 2612 1965; baseline -0.001 -14"><span class='ocrx_word' id='word_1_58' title='bbox 562 1877 733 1951; x_wconf 88' lang='lat' dir='ltr'><strong>dum</strong></span> <span class='ocrx_word' id='word_1_59' title='bbox 772 1896 976 1949; x_wconf 79' lang='lat' dir='ltr'>cures</span> <span class='ocrx_word' id='word_1_60' title='bbox 1010 1874 1250 1953; x_wconf 82' lang='lat' dir='ltr'><strong>velim.</strong></span> <span class='ocrx_word' id='word_1_61' title='bbox 1350 1875 1533 1948; x_wconf 89' lang='lat' dir='ltr'><strong>Eum</strong></span> <span class='ocrx_word' id='word_1_62' title='bbox 1572 1879 1759 1950; x_wconf 87' lang='lat' dir='ltr'><strong>enim</strong></span> <span class='ocrx_word' id='word_1_63' title='bbox 1785 1930 1807 1961; x_wconf 85' lang='lat'>‚</span> <span class='ocrx_word' id='word_1_64' title='bbox 1856 1872 1934 1949; x_wconf 78' lang='grc' dir='ltr'>ἀ</span> <span class='ocrx_word' id='word_1_65' title='bbox 1974 1876 2259 1950; x_wconf 83' lang='lat' dir='ltr'><strong>Florum</strong></span> <span class='ocrx_word' id='word_1_66' title='bbox 2287 1929 2309 1965; x_wconf 91' lang='lat'>‚</span> <span class='ocrx_word' id='word_1_67' title='bbox 2357 1870 2434 1948; x_wconf 71' lang='grc' dir='ltr'><strong>δι</strong></span> <span class='ocrx_word' id='word_1_68' title='bbox 2480 1877 2612 1949; x_wconf 90' lang='lat' dir='ltr'><strong>So·</strong></span> 
     </span>
     <span class='ocr_line' id='line_1_14' title="bbox 559 1970 2605 2070; baseline -0.001 -21"><span class='ocrx_word' id='word_1_69' title='bbox 559 1976 780 2049; x_wconf 88' lang='lat' dir='ltr'><strong>linum</strong></span> <span class='ocrx_word' id='word_1_70' title='bbox 807 1973 957 2070; x_wconf 88' lang='lat' dir='ltr'><strong>jam</strong></span> <span class='ocrx_word' id='word_1_71' title='bbox 997 1970 1116 2045; x_wconf 89' lang='lat' dir='ltr'><strong>diu</strong></span> <span class='ocrx_word' id='word_1_72' title='bbox 1159 1971 1542 2047; x_wconf 84' lang='lat' dir='ltr'><strong>avidiffime</strong></span> <span class='ocrx_word' id='word_1_73' title='bbox 1578 1971 1941 2069; x_wconf 71' lang='lat' dir='ltr'><strong>expthat:</strong></span> <span class='ocrx_word' id='word_1_74' title='bbox 1987 1973 2176 2070; x_wconf 90' lang='lat' dir='ltr'>quod</span> <span class='ocrx_word' id='word_1_75' title='bbox 2204 1996 2418 2070; x_wconf 89' lang='lat' dir='ltr'><strong>quum</strong></span> <span class='ocrx_word' id='word_1_76' title='bbox 2465 1997 2605 2069; x_wconf 86' lang='lat' dir='ltr'><strong>ego</strong></span> 
     </span>
     <span class='ocr_line' id='line_1_15' title="bbox 560 2068 2608 2167; baseline -0.001 -18"><span class='ocrx_word' id='word_1_77' title='bbox 560 2071 1002 2167; x_wconf 83' lang='lat' dir='ltr'>Burdegalae</span> <span class='ocrx_word' id='word_1_78' title='bbox 1036 2092 1221 2144; x_wconf 85' lang='lat' dir='ltr'>auno</span> <span class='ocrx_word' id='word_1_79' title='bbox 1258 2094 1299 2142; x_wconf 83' lang='lat' dir='ltr'>a</span> <span class='ocrx_word' id='word_1_80' title='bbox 1331 2068 1602 2145; x_wconf 82' lang='lat' dir='ltr'>Christo</span> <span class='ocrx_word' id='word_1_81' title='bbox 1645 2088 1816 2145; x_wconf 81' lang='lat' dir='ltr'><strong>nato</strong></span> <span class='ocrx_word' id='word_1_82' title='bbox 1862 2092 2193 2146; x_wconf 72' lang='lat' dir='ltr'><strong>unxum</strong></span> <span class='ocrx_word' id='word_1_83' title='bbox 2229 2072 2608 2146; x_wconf 86' lang='lat' dir='ltr'><strong>emendare</strong></span> 
     </span>
     <span class='ocr_line' id='line_1_16' title="bbox 558 2166 2608 2269; baseline -0.001 -23"><span class='ocrx_word' id='word_1_84' title='bbox 558 2168 965 2269; x_wconf 71' lang='lat' dir='ltr'><strong>aggress‘us,</strong></span> <span class='ocrx_word' id='word_1_85' title='bbox 1018 2168 1450 2265; x_wconf 57' lang='lat' dir='ltr'>egemplaria</span> <span class='ocrx_word' id='word_1_86' title='bbox 1504 2166 1950 2260; x_wconf 80' lang='lat' dir='ltr'>conferrem,</span> <span class='ocrx_word' id='word_1_87' title='bbox 2012 2172 2373 2266; x_wconf 86' lang='lat' dir='ltr'><strong>antiquum</strong></span> <span class='ocrx_word' id='word_1_88' title='bbox 2413 2170 2608 2244; x_wconf 83' lang='lat' dir='ltr'>illum</span> 
     </span>
     <span class='ocr_line' id='line_1_17' title="bbox 561 2264 2612 2364; baseline -0.001 -18"><span class='ocrx_word' id='word_1_89' title='bbox 561 2273 822 2346; x_wconf 86' lang='lat' dir='ltr'><strong>librum</strong></span> <span class='ocrx_word' id='word_1_90' title='bbox 869 2265 1171 2354; x_wconf 85' lang='lat' dir='ltr'><strong>viderit,</strong></span> <span class='ocrx_word' id='word_1_91' title='bbox 1210 2264 1538 2364; x_wconf 63' lang='lat' dir='ltr'>(vidisti</span> <span class='ocrx_word' id='word_1_92' title='bbox 1573 2266 1650 2342; x_wconf 73' lang='grc' dir='ltr'><strong>ἃ</strong></span> <span class='ocrx_word' id='word_1_93' title='bbox 1686 2266 1813 2364; x_wconf 91' lang='lat' dir='ltr'><strong>tu)</strong></span> <span class='ocrx_word' id='word_1_94' title='bbox 1863 2268 2157 2364; x_wconf 84' lang='lat' dir='ltr'><strong>legerit,</strong></span> <span class='ocrx_word' id='word_1_95' title='bbox 2207 2267 2282 2342; x_wconf 74' lang='grc' dir='ltr'>ἃ</span> <span class='ocrx_word' id='word_1_96' title='bbox 2316 2267 2612 2346; x_wconf 87' lang='lat' dir='ltr'>m1rifice</span> 
     </span>
     <span class='ocr_line' id='line_1_18' title="bbox 561 2366 2608 2467; baseline 0 -27"><span class='ocrx_word' id='word_1_97' title='bbox 561 2369 997 2467; x_wconf 84' lang='lat' dir='ltr'><strong>probaverit.</strong></span> <span class='ocrx_word' id='word_1_98' title='bbox 1097 2366 1214 2439; x_wconf 87' lang='lat' dir='ltr'><strong>De</strong></span> <span class='ocrx_word' id='word_1_99' title='bbox 1247 2367 1384 2439; x_wconf 80' lang='lat' dir='ltr'>inis</span> <span class='ocrx_word' id='word_1_100' title='bbox 1416 2386 1649 2440; x_wconf 84' lang='lat' dir='ltr'><strong>autem</strong></span> <span class='ocrx_word' id='word_1_101' title='bbox 1690 2367 1842 2442; x_wconf 81' lang='lat' dir='ltr'>aliis</span> <span class='ocrx_word' id='word_1_102' title='bbox 1874 2366 2111 2462; x_wconf 85' lang='lat' dir='ltr'>postea</span> <span class='ocrx_word' id='word_1_103' title='bbox 2150 2389 2310 2439; x_wconf 85' lang='lat' dir='ltr'><strong>cum</strong></span> <span class='ocrx_word' id='word_1_104' title='bbox 2349 2367 2608 2454; x_wconf 79' lang='lat' dir='ltr'>eodem</span> 
     </span>
     <span class='ocr_line' id='line_1_19' title="bbox 572 2464 2618 2563; baseline -0.001 -21"><span class='ocrx_word' id='word_1_105' title='bbox 572 2464 933 2543; x_wconf 86' lang='lat' dir='ltr'>Marnefio</span> <span class='ocrx_word' id='word_1_106' title='bbox 975 2481 1218 2562; x_wconf 83' lang='lat' dir='ltr'><strong>agam,</strong></span> <span class='ocrx_word' id='word_1_107' title='bbox 1265 2464 1557 2537; x_wconf 87' lang='lat' dir='ltr'>homine</span> <span class='ocrx_word' id='word_1_108' title='bbox 1606 2486 1937 2561; x_wconf 81' lang='lat' dir='ltr'><strong>perquam</strong></span> <span class='ocrx_word' id='word_1_109' title='bbox 1980 2467 2245 2562; x_wconf 86' lang='lat' dir='ltr'>prob0‚</span> <span class='ocrx_word' id='word_1_110' title='bbox 2295 2466 2618 2563; x_wconf 70' lang='lat' dir='ltr'><strong>mihjque</strong></span> 
     </span>
     <span class='ocr_line' id='line_1_20' title="bbox 571 2560 2610 2660; baseline -0.001 -20"><span class='ocrx_word' id='word_1_111' title='bbox 571 2562 1003 2640; x_wconf 85' lang='lat' dir='ltr'><strong>amiciffimo.</strong></span> <span class='ocrx_word' id='word_1_112' title='bbox 1078 2560 1259 2635; x_wconf 87' lang='lat' dir='ltr'><strong>Mea</strong></span> <span class='ocrx_word' id='word_1_113' title='bbox 1309 2583 1613 2660; x_wconf 84' lang='lat' dir='ltr'><strong>namque</strong></span> <span class='ocrx_word' id='word_1_114' title='bbox 1645 2561 1715 2634; x_wconf 91' lang='lat' dir='ltr'><strong>in</strong></span> <span class='ocrx_word' id='word_1_115' title='bbox 1748 2561 2274 2636; x_wconf 83' lang='lat' dir='ltr'><strong>sacroboscium</strong></span> <span class='ocrx_word' id='word_1_116' title='bbox 2312 2563 2610 2656; x_wconf 87' lang='lat' dir='ltr'>scholia,</span> 
     </span>
     <span class='ocr_line' id='line_1_21' title="bbox 573 2657 2614 2758; baseline -0.001 -21"><span class='ocrx_word' id='word_1_117' title='bbox 573 2682 721 2737; x_wconf 82' lang='lat' dir='ltr'><strong>tam</strong></span> <span class='ocrx_word' id='word_1_118' title='bbox 750 2657 964 2735; x_wconf 85' lang='lat' dir='ltr'>foede</span> <span class='ocrx_word' id='word_1_119' title='bbox 997 2657 1519 2750; x_wconf 82' lang='lat' dir='ltr'><strong>contaminata,</strong></span> <span class='ocrx_word' id='word_1_120' title='bbox 1549 2660 1814 2755; x_wconf 77' lang='lat' dir='ltr'><strong>illisque</strong></span> <span class='ocrx_word' id='word_1_121' title='bbox 1840 2660 2140 2734; x_wconf 85' lang='lat' dir='ltr'><strong>immista</strong></span> <span class='ocrx_word' id='word_1_122' title='bbox 2173 2664 2380 2757; x_wconf 83' lang='lat' dir='ltr'>longe</span> <span class='ocrx_word' id='word_1_123' title='bbox 2414 2663 2614 2758; x_wconf 54' lang='lat' dir='ltr'>inepss</span> 
     </span>
     <span class='ocr_line' id='line_1_22' title="bbox 572 2755 2622 2854; baseline 0 -21"><span class='ocrx_word' id='word_1_124' title='bbox 572 2759 863 2847; x_wconf 83' lang='lat' dir='ltr'><strong>tiffima‚</strong></span> <span class='ocrx_word' id='word_1_125' title='bbox 913 2755 1244 2830; x_wconf 85' lang='lat' dir='ltr'>Lutetiae</span> <span class='ocrx_word' id='word_1_126' title='bbox 1291 2778 1457 2829; x_wconf 88' lang='lat' dir='ltr'><strong>meo</strong></span> <span class='ocrx_word' id='word_1_127' title='bbox 1499 2761 1787 2831; x_wconf 84' lang='lat' dir='ltr'>nomine</span> <span class='ocrx_word' id='word_1_128' title='bbox 1831 2760 2069 2833; x_wconf 85' lang='lat' dir='ltr'><strong>omnia</strong></span> <span class='ocrx_word' id='word_1_129' title='bbox 2112 2781 2333 2854; x_wconf 86' lang='lat' dir='ltr'>nuper</span> <span class='ocrx_word' id='word_1_130' title='bbox 2366 2759 2559 2833; x_wconf 82' lang='lat' dir='ltr'>edita</span> <span class='ocrx_word' id='word_1_131' title='bbox 2585 2814 2622 2853; x_wconf 70' lang='lat'><em>5</em></span> 
     </span>
     <span class='ocr_line' id='line_1_23' title="bbox 573 2855 2613 2956; baseline 0 -24"><span class='ocrx_word' id='word_1_132' title='bbox 573 2883 693 2933; x_wconf 87' lang='lat' dir='ltr'><strong>me</strong></span> <span class='ocrx_word' id='word_1_133' title='bbox 737 2869 1219 2944; x_wconf 86' lang='lat' dir='ltr'><strong>monuerunt,</strong></span> <span class='ocrx_word' id='word_1_134' title='bbox 1284 2874 1362 2930; x_wconf 91' lang='lat' dir='ltr'><strong>ut</strong></span> <span class='ocrx_word' id='word_1_135' title='bbox 1415 2855 1794 2952; x_wconf 85' lang='lat' dir='ltr'>diligenter</span> <span class='ocrx_word' id='word_1_136' title='bbox 1847 2858 2061 2932; x_wconf 81' lang='lat' dir='ltr'><strong>etiam</strong></span> <span class='ocrx_word' id='word_1_137' title='bbox 2123 2875 2333 2956; x_wconf 81' lang='lat' dir='ltr'><strong>atque</strong></span> <span class='ocrx_word' id='word_1_138' title='bbox 2392 2857 2613 2932; x_wconf 88' lang='lat' dir='ltr'><strong>etiam</strong></span> 
     </span>
     <span class='ocr_line' id='line_1_24' title="bbox 577 2952 2612 3054; baseline 0.001 -26"><span class='ocrx_word' id='word_1_139' title='bbox 577 2954 874 3054; x_wconf 85' lang='lat' dir='ltr'>posthac</span> <span class='ocrx_word' id='word_1_140' title='bbox 916 2952 1194 3026; x_wconf 83' lang='lat' dir='ltr'>videam</span> <span class='ocrx_word' id='word_1_141' title='bbox 1226 3004 1254 3043; x_wconf 90' lang='lat'><strong>,</strong></span> <span class='ocrx_word' id='word_1_142' title='bbox 1314 2955 1430 3026; x_wconf 91' lang='lat' dir='ltr'><strong>cui</strong></span> <span class='ocrx_word' id='word_1_143' title='bbox 1474 2955 2107 3030; x_wconf 83' lang='lat' dir='ltr'>lucubratiunculas</span> <span class='ocrx_word' id='word_1_144' title='bbox 2154 2977 2348 3028; x_wconf 78' lang='lat' dir='ltr'><strong>meas</strong></span> <span class='ocrx_word' id='word_1_145' title='bbox 2387 2957 2612 3051; x_wconf 86' lang='lat' dir='ltr'>publi-</span> 
     </span>
     <span class='ocr_line' id='line_1_25' title="bbox 583 3049 2611 3149; baseline 0.001 -21"><span class='ocrx_word' id='word_1_146' title='bbox 583 3055 839 3129; x_wconf 84' lang='lat' dir='ltr'>candas</span> <span class='ocrx_word' id='word_1_147' title='bbox 906 3052 1374 3125; x_wconf 85' lang='lat' dir='ltr'><strong>committam.</strong></span> <span class='ocrx_word' id='word_1_148' title='bbox 1506 3054 1623 3126; x_wconf 88' lang='lat' dir='ltr'><strong>Sic</strong></span> <span class='ocrx_word' id='word_1_149' title='bbox 1699 3055 1906 3133; x_wconf 65' lang='grc' dir='ltr'><strong>ἅλιειῖς</strong></span> <span class='ocrx_word' id='word_1_150' title='bbox 1962 3049 2213 3149; x_wconf 59' lang='grc' dir='ltr'><strong>πληγάς</strong></span> <span class='ocrx_word' id='word_1_151' title='bbox 2271 3051 2388 3125; x_wconf 59' lang='grc' dir='ltr'><strong>,ὅου</strong></span> <span class='ocrx_word' id='word_1_152' title='bbox 2423 3058 2611 3131; x_wconf 66' lang='lat' dir='ltr'><strong>afeca:</strong></span> 
     </span>
     <span class='ocr_line' id='line_1_26' title="bbox 582 3147 2615 3253; baseline 0.001 -29"><span class='ocrx_word' id='word_1_153' title='bbox 582 3151 904 3250; x_wconf 87' lang='lat' dir='ltr'><strong>quamvis</strong></span> <span class='ocrx_word' id='word_1_154' title='bbox 949 3148 997 3221; x_wconf 79' lang='lat' dir='ltr'>fi</span> <span class='ocrx_word' id='word_1_155' title='bbox 1053 3147 1196 3223; x_wconf 87' lang='lat' dir='ltr'><strong>fine</strong></span> <span class='ocrx_word' id='word_1_156' title='bbox 1239 3151 1551 3243; x_wconf 81' lang='lat' dir='ltr'><strong>periculo</strong></span> <span class='ocrx_word' id='word_1_157' title='bbox 1601 3153 1864 3232; x_wconf 82' lang='lat' dir='ltr'>nemini</span> <span class='ocrx_word' id='word_1_158' title='bbox 1922 3153 2159 3253; x_wconf 81' lang='lat' dir='ltr'>sapere</span> <span class='ocrx_word' id='word_1_159' title='bbox 2208 3152 2409 3244; x_wconf 79' lang='lat' dir='ltr'>licet,</span> <span class='ocrx_word' id='word_1_160' title='bbox 2460 3152 2615 3227; x_wconf 77' lang='lat' dir='ltr'>feli-</span> 
     </span>
     <span class='ocr_line' id='line_1_27' title="bbox 583 3248 2620 3425; baseline 0.002 -102"><span class='ocrx_word' id='word_1_161' title='bbox 583 3253 736 3425; x_wconf 53' lang='lat' dir='ltr'><strong>{ius</strong></span> <span class='ocrx_word' id='word_1_162' title='bbox 801 3249 1119 3423; x_wconf 67' lang='lat' dir='ltr'><strong>sapliunt‚</strong></span> <span class='ocrx_word' id='word_1_163' title='bbox 1190 3248 1309 3347; x_wconf 80' lang='lat' dir='ltr'><strong>qui</strong></span> <span class='ocrx_word' id='word_1_164' title='bbox 1373 3249 1614 3326; x_wconf 80' lang='lat' dir='ltr'>alieno</span> <span class='ocrx_word' id='word_1_165' title='bbox 1664 3252 1975 3349; x_wconf 85' lang='lat' dir='ltr'><strong>periculo</strong></span> <span class='ocrx_word' id='word_1_166' title='bbox 2032 3251 2331 3349; x_wconf 86' lang='lat' dir='ltr'><strong>sapiunt.</strong></span> <span class='ocrx_word' id='word_1_167' title='bbox 2435 3251 2620 3330; x_wconf 79' lang='lat' dir='ltr'>Vale</span> 
     </span>
    </p>

    <p class='ocr_par' dir='ltr' id='par_1_7' title="bbox 648 3351 1037 3448">
     <span class='ocr_line' id='line_1_28' title="bbox 648 3351 1037 3448; baseline -0.005 -26"><span class='ocrx_word' id='word_1_168' title='bbox 648 3351 906 3448; x_wconf 82' lang='lat' dir='ltr'>urdega</span> <span class='ocrx_word' id='word_1_169' title='bbox 937 3370 1037 3424; x_wconf 88' lang='lat' dir='ltr'><strong>ae.</strong></span> 
     </span>
    </p>
   </div>
   <div class='ocr_carea' id='block_1_6' title="bbox 2447 4045 2635 4130">
    <p class='ocr_par' dir='ltr' id='par_1_8' title="bbox 2447 4045 2635 4130">
     <span class='ocr_line' id='line_1_29' title="bbox 2447 4045 2635 4130; baseline 0 -2"><span class='ocrx_word' id='word_1_170' title='bbox 2447 4045 2635 4130; x_wconf 52' lang='lat' dir='ltr'><strong>RE?</strong></span> 
     </span>
    </p>
   </div>
  </div>
 </body>
</html>
