2870 4628
521 308 663 379 xu
980 282 2155 375 PRAEFATIO.

524 476 979 544 Manxxv.
1050 449 1181 537 fol.
1238 447 1442 562 post,
1472 449 1872 565 Augustae
1941 452 2318 541 Historiae
2382 457 2585 543 Scri-¹

521 573 826 679 morea,
876 593 921 649 e
970 564 1266 677 Legato
1314 565 1826 650 Perizoniano
1868 566 1948 649 in
2011 567 2205 652 Bibl.
2259 568 2578 681 Lugdm

523 708 637 765 no
674 680 849 765 Bat.
904 680 1345 762 reservatam
1384 678 1590 781 vidi,
1628 675 1714 761 &
1748 680 2109 763 consului.
2191 680 2575 769 Venetam

522 818 711 877 vero
750 819 797 876 a
836 790 1035 875 Viro
1064 791 1187 875 Cl.
1233 813 1730 874 memoratam
1781 789 1916 876 fol.
1961 798 2063 876 A.
2114 816 2571 881 ManXXx.

518 906 870 990 invenire
928 929 1089 989 non
1145 903 1407 1012 potui,
1461 902 1583 987 sed
1642 902 1822 986 alias
1885 903 2143 989 itidem
2206 904 2336 991 fol.
2421 909 2575 991 Ve-

519 1018 745 1104 netiis
820 1014 1176 1125 inpreffas
1272 1021 1367 1100 A.
1443 1039 2010 1101 MCDLXXXIX.
2090 1016 2174 1098 δε
2251 1042 2567 1103 MCDXC.

519 1128 696 1240 post
735 1125 1132 1241 Augustae
1171 1126 1550 1213 Historiae
1590 1131 2063 1235 Scriptores,
2121 1130 2465 1213 Fabricio
2511 1131 2574 1212 i-

516 1262 820 1357 gnotas.
919 1243 1149 1343 Quae
1200 1262 1451 1326 autem
1505 1240 1921 1326 Cracoviae
1948 1298 1974 1343 ,
2028 1242 2265 1327 Mich.
2299 1244 2572 1326 Cocci-

516 1358 661 1443 nio
726 1377 1085 1455 curante,
1148 1358 1252 1441 A.
1310 1375 1533 1438 Mox.
1606 1350 1889 1459 prodiit
1933 1367 2043 1459 4⁰.
2101 1355 2339 1439 oculis
2381 1356 2570 1438 meis

518 1469 870 1574 usurpare
951 1492 1117 1549 non
1189 1467 1421 1551 licuit.
1547 1465 1842 1551 Verum
1901 1462 2370 1549 Pariliensem
2429 1493 2568 1576 pet·

521 1582 780 1666 NicoL
826 1576 1319 1662 Maillardum
1384 1599 1865 1685 procuratam
1927 1584 2029 1661 A.
2090 1603 2378 1662 Μυκη.
2446 1579 2573 1664 vel

518 1715 721 1782 xm.
778 1689 1023 1803 (hunc
1044 1694 1248 1777 enim
1290 1717 1696 1775 numerum
1734 1688 2186 1790 Dedicatio,
2231 1694 2440 1776 illum
2477 1694 2570 1778 li-

521 1805 639 1890 bri
682 1804 1005 1890 clausula
1048 1801 1405 1913 exhibet)
1459 1826 1672 1888 curta
1736 1830 1903 1885 mea
1944 1804 2268 1908 supellex
2307 1807 2574 1911 suppe-

520 1917 816 2003 ditavit.
856 1918 1160 2000 Omnes
1185 1974 1211 2019 ,
1246 1942 1434 2023 quas
1455 1917 1813 2001 recensuit
1832 1915 2214 1999 Fabricius
2236 1978 2258 2015 ,
2291 1916 2575 2002 Eutro-

523 2034 739 2141 pium
763 2056 925 2113 non
946 2057 1221 2138 purum
1259 2029 1443 2113 dare
1479 2028 1676 2112 reete
1698 2025 2004 2111 testatur
2035 2057 2059 2134 3
2091 2026 2291 2110 {llud
2328 2030 2575 2131 enim,

523 2168 982 2254 quamquam
1028 2168 1158 2229 eas
1194 2168 1355 2231 non
1402 2141 1605 2243 vidi,
1646 2140 1743 2225 de
1766 2144 2123 2227 Romana
2162 2138 2248 2222 δι
2275 2142 2579 2228 Veneta

524 2262 780 2368 priore
837 2281 935 2341 eo
976 2255 1350 2360 conjicere
1393 2253 1614 2358 licet,
1672 2252 1878 2363 quod
1918 2279 2044 2337 eas
2081 2255 2149 2338 se
2185 2254 2579 2362 sequutum

524 2366 926 2481 profitetur
974 2366 1477 2468 Maillardu3‚
1530 2377 1741 2469 cujus
1792 2364 2030 2450 editio
2077 2369 2235 2471 pari
2286 2368 2581 2471 mod0,

523 2513 619 2571 ac
672 2504 1011 2583 ceterae,
1065 2483 1532 2588 Scriptorem
1597 2476 1967 2568 Nostrum
2032 2474 2271 2582 duplo
2335 2487 2583 2583 maio-

524 2624 686 2683 rem
712 2593 1054 2679 exhibet.
1169 2593 1248 2678 A
1286 2590 1505 2694 Jano
1542 2591 1746 2674 enim
1782 2593 2032 2700 primo
2067 2589 2358 2676 Italiae
2397 2620 2590 2702 rege

528 2709 681 2796 ἃς.
741 2705 1117 2811 incipiunt
1158 2728 1473 2803 omne8‚
1531 2701 1615 2784 &
1676 2702 1953 2809 ubique
2008 2720 2166 2784 tam
2225 2704 2434 2787 varia
2491 2733 2587 2790 ac

526 2818 814 2908 diversa
873 2845 971 2901 ex
1024 2813 1351 2917 Orosto,
1411 2816 1721 2921 aliisque
1781 2816 1858 2897 id
1916 2840 2162 2924 genus
2204 2814 2588 2923 scriptori-

525 2934 717 3036 bus,
778 2933 1010 3018 etiam
1069 2956 1115 3012 e
1168 2927 1414 3015 Sacris
1477 2928 1750 3016 Literis
1790 2924 2307 3011 additamenta
2349 2928 2588 3013 infer-

452 3071 461 3076 “
526 3049 791 3148 ciunt,
847 3064 929 3127 ut
970 3043 1378 3149 Eutropius
1415 3042 1495 3123 in
1536 3042 1912 3147 Eutropio
1955 3037 2589 3149 quaerendusgfit.

528 3162 759 3248 Hanc
818 3155 1063 3240 labem
1133 3154 1203 3237 ei
1264 3153 1522 3236 Caroli
1582 3152 1858 3263 Magni
1919 3151 2392 3261 temporibus
2450 3156 2592 3238 ad-

533 3269 785 3378 iperfit
858 3270 1159 3353 Paullus
1233 3262 1779 3368 &Varnesridus
1839 3265 2238 3349 Diaconus
2334 3269 2593 3375 Aqui.

535 3380 826 3491 lejenfis
862 3442 888 3487 ,
941 3379 1256 3465 testante
1311 3380 1506 3462 inter
1561 3381 1751 3464 alios
1816 3374 2089 3461 codem
2162 3376 2590 3466 Maillardo

529 3557 591 3606 „
649 3500 1062 3603 Hucusque
1136 3489 1547 3576 Historiam
1633 3489 2046 3596 Eutropius
2115 3495 2595 3596 composuit:

530 3673 592 3720 „
647 3615 771 3692 cui
838 3629 1090 3692 tamen
1152 3604 1400 3712 aliqua
1466 3605 1741 3687 Paulus
1798 3603 2198 3687 Diaconus
2241 3602 2595 3704 addidit:

531 3721 959 3831 „jubente
1036 3719 1383 3803 Domina
1460 3716 1892 3824 Adilperga
1966 3712 2598 3812 Christianiffima

532 3894 591 3947 „
653 3831 1080 3920 Beneventi
1135 3827 1539 3922 Duelricez
1595 3836 1927 3939 conjuge
1967 3827 2296 3912 Domini
2340 3830 2596 3917 Archi

532 4007 598 4066 ,‚
651 3941 1158 4065 sapientissimi
1212 3939 1630 4061 Principis:
1688 3937 1774 4030 &
1816 3938 1994 4033 ideo
2037 3966 2230 4054 quae
2270 3940 2600 4052 sequun-

2297 4108 2362 4165 υ
2418 4071 2612 4170 tur,
