2870 4628
936 177 2226 285 DEDICATloNES

551 362 777 463 (quod
804 361 1202 437 dostissimis
1232 360 1451 435 etiam
1486 359 1874 435 usuveniffe
1910 357 2266 460 videmus)
2318 358 2609 438 Paulina

549 488 680 564 pro
736 460 1184 554 Eutropianis
1239 460 1606 535 uitentur:
1683 483 1857 556 quae
1903 477 2239 556 quantum
2297 458 2613 553 distent,

550 564 851 638 aliorum
881 559 1026 635 esto
1058 560 1428 658 judicium.
1535 557 1778 632 Tanta
1807 579 2000 633 certe
2030 558 2233 631 clade
2267 559 2456 635 hunc
2485 560 2602 633 ille

554 659 894 736 affecerat
933 710 959 749 ,
1028 679 1107 733 ut
1147 659 1333 732 nulla
1382 655 1690 731 inveniri
1744 653 2066 753 impreffa
2109 659 2538 754 exemplaria
2577 708 2610 747 5

556 783 735 857 quae
794 752 1331 855 castigationem
1392 754 1854 846 sustinerent,
1933 778 1974 827 a
2033 778 2148 829 me
2211 757 2609 853 potuerinn

560 860 800 962 Quare
844 878 1070 930 totum
1121 855 1269 951 ipse
1316 850 1710 927 describere
1761 850 2041 928 coaetus
2095 852 2266 930 sum.
2368 853 2608 957 Quem

561 957 875 1031 laborem
927 954 1248 1052 publicae
1313 951 1637 1027 utilitatis
1697 950 2082 1026 studiorum
2134 955 2336 1031 causa
2384 958 2605 1028 lusce-

559 1074 804 1151 ptum,
857 1052 1020 1128 ideo
1064 1052 1334 1126 nomini
1381 1069 1505 1122 tuo
1547 1047 1876 1124 dedicare
1918 1051 2156 1141 volui,
2205 1050 2395 1148 quod
2433 1074 2616 1125 unus·

561 1150 648 1226 sis
695 1151 880 1224 inter
926 1151 1175 1227 heroas
1222 1148 1542 1238 nostros,
1580 1147 1700 1245 qui
1742 1148 1830 1223 de
1875 1148 2094 1224 literis
2129 1152 2399 1244 optime
2421 1150 2611 1246 judi-

563 1273 725 1322 care
762 1267 990 1344 potes,
1089 1252 1282 1323 Bene
1330 1248 1519 1319 vale.
1621 1248 1910 1347 fingis,
1960 1248 2108 1322 Cal.
2142 1248 2332 1344 Julii.
2398 1253 2624 1327 Anno

564 1370 609 1423 a
637 1348 882 1422 Natali
910 1350 1209 1423 Domini
1244 1366 1456 1438 1545.
2607 1345 2620 1353 '

702 1541 2492 1647 E121A53x71N13TtJS

1198 1757 1968 1833 LECTOR182

770 1937 1168 2014 bundanter
1199 1936 1291 2011 de
1311 1940 1516 2012 rebus
1539 1936 1615 2012 ἃ
1646 1937 1932 2034 copiose
1962 1938 2371 2037 scripserant
2399 1938 2624 2014 Graeoe

818 2039 885 2113 ci
919 2038 1293 2132 Latinique
1321 2039 1658 2110 authores
1684 2037 2057 2131 permulti,
2091 2060 2382 2136 quorum
2408 2038 2630 2113 libros

572 2140 863 2216 fuerunt
893 2139 1012 2233 qui
1042 2135 1270 2210 statim
1303 2137 1816 2209 contraherent.
1914 2136 2289 2232 Eutropius
2327 2157 2573 2211 contra
2594 2183 2630 2228 ,

576 2261 689 2313 res
724 2238 1086 2310 Romanas
1130 2236 1215 2307 ab
1261 2235 1456 2308 Urbe
1484 2234 1770 2307 condita
1812 2232 1899 2306 ad
1947 2234 2132 2308 suam
2171 2258 2387 2331 usque
2427 2255 2620 2310 aeta-

577 2355 731 2410 tem
764 2333 1155 2411 breviffime
1185 2333 1663 2427 explicuerat:
1717 2355 1853 2428 quo
1904 2330 1997 2405 fic
2028 2335 2449 2424 Valentem,
2501 2336 2623 2432 qui

577 2439 893 2510 omnium
927 2435 1272 2506 literarum
1310 2432 1592 2527 ignarus
1634 2433 1720 2503 ad
1755 2432 2134 2526 Imperium
2175 2431 2643 2528 pervenisset,

494 2555 499 2564 ·
583 2535 678 2607 ad
752 2533 1177 2626 superiorum
1235 2528 1496 2602 ducum
1545 2528 2079 2624 principumque
2147 2529 2636 2605 Romanorum

584 2655 695 2706 res
736 2630 964 2727 gestas
996 2626 1494 2721 percurrendas
1526 2627 1862 2701 alliceret.
1960 2627 2241 2701 Invenit
2269 2652 2440 2703 vero
2473 2631 2632 2720 ille,

586 2727 708 2823 qui
757 2749 847 2799 ex
890 2727 969 2796 L.
1003 2727 1259 2799 Anneo
1307 2725 1557 2812 Floro,
1611 2724 1909 2800 Eusebio
1941 2780 1963 2816 ,
2024 2728 2241 2800 Sexto
2286 2725 2644 2821 VieStore,r

589 2825 1040 2921 Hieronymo
1071 2878 1093 2913 ,
1158 2821 1464 2915 Rufino,
1531 2821 1777 2897 Orofio
1817 2821 1894 2896 ἃ
1947 2824 2141 2917 aliis,
2213 2844 2359 2899 tam
2413 2829 2640 2903 multa

588 2921 1004 3000 infercirent
1034 2977 1056 3012 ,
1141 2939 1220 3016 ut
1286 2921 1645 3018 exemplar
1711 2919 2071 2997 Basiliense
2133 2924 2326 2999 Anni
2380 2925 2638 3000 Christi

594 3043 674 3098 Ἀ.
698 3041 768 3093 o.
792 3043 1035 3109 xxxn,
1072 3021 1297 3117 majus
1330 3019 1413 3093 lit
1442 3021 1746 3116 decuplo
1762 3073 1789 3113 ,
1818 3027 2024 3118 quam
2054 3023 2241 3118 qnod
2269 3022 2356 3096 ab
2388 3025 2638 3097 autho-

594 3143 674 3194 re
711 3121 860 3219 ipso
892 3119 1158 3192 editum
1194 3118 1444 3194 fuerat.
1510 3120 1796 3192 Illorum
1825 3121 2183 3214 epitomae
2201 3143 2636 3217 conquerun-

596 3241 710 3291 tur
757 3221 1113 3294 literarum
1170 3214 1446 3292 studiosi
1501 3220 1774 3292 causam
1820 3216 2018 3292 fuiffe
2049 3273 2072 3306 ‚
2154 3242 2277 3294 cur
2315 3220 2647 3310 Polybii,

597 3318 869 3415 Trogi,
925 3315 1280 3406 νίἕὶοτίε,
1330 3315 1653 3410 Ulpiani,
1720 3316 1797 3392 ἀ
1844 3320 2133 3392 aliorum
2183 3319 2637 3415 jurisconsul-

546 3479 551 3486 .
598 3433 832 3491 torum
870 3416 1221 3511 praeclara
1248 3414 1502 3511 scripta
1532 3416 2050 3505 interciderint3
2096 3416 2212 3492 sed
2248 3418 2365 3514 qni
2391 3416 2646 3490 Eutro-

598 3515 700 3609 pii
722 3516 1147 3591 Breviarium
1176 3514 1277 3586 ita
1306 3510 1897 3588 labefastaverant
1911 3567 1944 3606 ,
1988 3534 2254 3608 quanto
2282 3512 2413 3589 sint
2441 3512 2531 3589 de
2564 3515 2645 3590 li·

599 3615 770 3686 teris
800 3614 1045 3687 melius
1074 3613 1352 3700 meriti,
1404 3631 1601 3685 tuum
1633 3612 1779 3686 esto
1805 3613 2173 3711 judicium.
2251 3615 2409 3712 Ego
2444 3633 2642 3689 certe

604 3712 776 3785 boni
827 3711 1138 3783 authoris
1187 3712 1418 3784 vicem
1473 3712 1594 3784 diu
1638 3710 1714 3784 <St
1763 3714 2060 3785 multum
2099 3712 2341 3801 dolui,
2412 3712 2642 3787 donec

596 3809 829 3885 incidi
858 3808 1140 3882 tandem
1173 3809 1243 3882 in
1291 3814 1648 3904 antiquum
1680 3810 1870 3884 illum
1904 3811 2454 3886 Dominicalium
2476 3814 2643 3885 Bur·

607 3905 1079 4010 degalenfium
1110 3909 1364 3986 librum
1385 3963 1407 3998 ,
1439 3929 1533 3982 ex
1563 3908 1760 4005 cujus
1787 3908 1928 3985 fide
1960 3929 2107 3988 tam
2137 3913 2492 4007 integrum
2525 3910 2646 3985 da.-

2441 4027 2597 4082 mus
2614 4060 2640 4098 ,
