2870 4628
977 260 2233 345 DEDICATIONES

554 442 685 497 nus
731 416 1133 531 breviario,
1179 417 1417 492 omnia
1465 414 1546 492 ὅτ
1599 415 1876 493 facilius
1925 419 2409 517 percipiuntur
2434 471 2462 512 ,
2531 416 2622 499 ἃ

553 521 848 594 haerent
897 516 972 589 in
1019 519 1257 593 animo
1302 515 1626 605 firmius,
1674 517 2064 615 adeoque
2040 542 2115 593 ιιι
2157 521 2378 593 oculis
2424 544 2611 616 pene

550 616 630 691 ὅτ
670 612 1046 710 εοῐιΐρεᾶιι
1089 616 1471 691 versantur.
1567 617 1814 713 Itaque
1866 637 2107 712 optem
2153 619 2481 714 equidem
2529 643 2606 695 e-

544 716 854 811 jusmodi
909 711 1179 789 exstare
1228 713 1732 808 compendium
1784 715 1854 789 in
1917 713 2200 790 historia
2242 717 2605 794 universa.

552 814 754 911 quale
816 810 1151 886 hastenus
1210 812 1580 887 adornavit
1615 868 1640 903 ,
1705 811 1896 911 quod
1950 814 2279 911 equidem
2343 815 2603 907 sciam,

549 936 787 987 nemo.
891 911 1094 1023 Quae
1134 933 1245 984 res
1291 909 1503 1002 fecit,
1552 932 1631 984 ut
1655 937 1842 1027 ego,
1888 914 2094 987 vobis
2141 916 2602 1013 rogantibus,

551 1012 901 1108 valdeque
931 1010 1414 1105 cupientibus,
1464 1011 1711 1086 amicis
1747 1015 1926 1087 item
1970 1011 2184 1103 meis,
2236 1015 2405 1087 viris
2450 1038 2602 1090 eru·

553 1106 956 1197 ditiffimis,
1012 1131 1450 1206 magnopere
1502 1108 1998 1200 hortantibus,
2061 1132 2317 1184 annum
2372 1112 2603 1208 ipsum

546 1206 699 1304 jam
742 1209 890 1305 ejus
937 1208 1217 1320 generis
1274 1206 1682 1301 opusculum
1728 1209 1999 1283 moliar.
2099 1210 2389 1282 Utinam
2436 1210 2603 1285 satis

509 1336 513 1343 ·
554 1325 925 1396 accurate,
978 1305 1139 1380 satis
1176 1303 1517 1379 feliciter!
1572 1308 1947 1382 Laboriose
1988 1307 2275 1404 quidem
2310 1306 2472 1383 satis
2515 1310 2600 1383 il-

551 1405 621 1478 la
654 1407 828 1480 mihi
864 1406 1003 1478 teia
1032 1400 1369 1477 haftenus
1393 1404 1692 1480 texitur.
1743 1428 1970 1503 neque
2000 1404 2143 1479 fine
2174 1406 2599 1500 multorum,

549 1503 853 1587 fidenter
890 1502 1054 1575 d1co
1069 1552 1097 1591 ‚
1145 1499 1420 1594 frusto,
1466 1501 1518 1575 fi
1562 1523 1928 1598 pertexere
1974 1503 2227 1592 detur3
2278 1503 2465 1601 quod
2520 1506 2602 1580 in

550 1622 764 1675 manu
800 1600 902 1676 est
934 1599 1123 1694 ejus,
1176 1621 1260 1671 cu
1221 1624 1376 1674 uus
1413 1618 1587 1675 nutu
1625 1622 1960 1699 reguntur
1994 1625 2080 1675 ac
2110 1599 2289 1675 stant
2315 1605 2602 1677 univer-

551 1699 662 1785 sa,
709 1701 830 1796 qui
872 1718 1107 1773 tamen
1150 1698 1236 1770 ha
1307 1720 1481 1773 enus
1514 1699 1720 1775 rectis
1764 1700 2133 1775 conatibus
2185 1720 2328 1774 non
2370 1699 2597 1774 deest.

553 1798 641 1871 In
679 1820 819 1892 quo
854 1799 1005 1892 ipso
1046 1797 1425 1891 opusculo,
1474 1820 1635 1873 cum
1671 1800 1753 1873 ad
1786 1801 2135 1894 pleniores
2184 1797 2339 1871 illos
2381 1796 2599 1872 histo-

550 1897 814 1969 riarum
871 1894 1331 1986 conditores,
1395 1896 1471 1970 in
1513 1919 1593 1972 re
1630 1898 2008 1987 Romana,
2070 1912 2222 1969 tum
2271 1918 2447 1970 vero
2503 1898 2601 1972 ad

551 1993 742 2069 hunc
794 2018 1071 2093 quoque
1116 1996 1405 2068 brevem
1459 1994 1779 2089 ejusdem
1830 1993 2160 2069 historiae
2217 1996 2601 2071 concinna-

548 2114 827 2183 torem,
881 2095 1086 2189 saepe
1116 2090 1293 2167 mihi
1319 2094 1726 2168 remittendi
1761 2092 1942 2167 estis.
2045 2090 2283 2205 Quem
2324 2115 2416 2168 ne
2444 2092 2601 2167 diu-

548 2193 689 2266 tius
728 2189 1166 2282 demereris,
1216 2212 1309 2263 en
1366 2213 1553 2265 nunc
1601 2192 1873 2288 capite,
1926 2189 2184 2288 legite,
2237 2191 2312 2265 in
2353 2190 2603 2287 peetus

548 2289 948 2384 demittite,
997 2314 1157 2365 cum
1201 2288 1468 2390 reliqua
1503 2289 1869 2380 historiae,
1916 2290 2247 2377 virtutis,
2299 2291 2602 2386 pruden-

551 2391 750 2480 tiae,
800 2388 1214 2465 eruditionis
1259 2390 1501 2463 variae
1553 2387 1880 2485 magistra
1920 2386 2426 2484 expeditiffima
2471 2413 2603 2486 pa·

549 2488 725 2570 riter
766 2487 842 2562 δι
878 2487 1141 2566 suaviss‘
1147 2511 1299 2562 ma
1352 2510 1564 2583 quam
1609 2511 1819 2561 nemo
1848 2507 2146 2582 unquam
2183 2488 2379 2560 sanus
2407 2487 2601 2583 spre-

550 2587 698 2673 vit,
750 2609 960 2659 nemo
996 2584 1298 2680 spernet.
1399 2584 1558 2657 Vos
1586 2584 1908 2678 quidem,
1962 2585 2436 2661 adolescentes
2482 2610 2599 2660 or·

550 2683 878 2759 natiffimi
916 2736 939 2773 ,
1005 2685 1125 2778 qui
1184 2685 1360 2776 reip.
1414 2682 1867 2773 educamini,
1933 2683 2222 2757 minime
2278 2685 2601 2761 omnium
2681 2745 2706 2758 ,

549 2781 955 2865 debebitis,
1020 2802 1249 2876 neque
1294 2777 1591 2854 voletis:
1643 2805 1805 2855 curn
1856 2779 2161 2855 vestrum
2204 2780 2276 2853 in
2322 2784 2601 2878 optima

551 2877 778 2954 studia
820 2875 1150 2952 affeffimm
1182 2877 1423 2952 videre
1460 2879 1636 2951 mihi
1675 2878 1962 2968 videor3
2011 2902 2220 2975 quem
2249 2900 2603 2975 perpetuo

555 2975 1100 3058 conservabitis,
1153 2998 1412 3074 magno
1451 2975 1735 3069 vestro,
1765 2978 2013 3076 majori
2043 2978 2326 3070 publico
2360 2982 2595 3069 bone,

553 3074 763 3149 vestri
796 3068 1325 3148 amantissimum
1349 3094 1597 3149 contra
1623 3078 1831 3151 vobis
1866 3076 2235 3150 amandum
2254 3075 2596 3153 statuetiS.

555 3174 823 3249 Valete
853 3174 950 3247 V.
991 3172 1150 3248 Eid.
1185 3170 1480 3273 August.
1523 3176 1640 3250 clo
1684 3177 1806 3250 loc
1847 3175 2039 3249 XXI.

2269 4054 2595 4135 SERE-
