2870 4628
469 340 564 397 n
641 317 2052 400 'PRAEFATIONES.

222 476 632 571 arripuitque
668 471 908 570 sacer
962 487 1337 548 mirantem
1377 475 1696 570 plurimus
1741 475 1959 550 horror

303 575 647 663 Ρὶᾶῑιηις,
700 597 1017 668 quarum
1071 577 1260 669 copia
1300 572 1487 667 larga
1515 569 1693 667 fuit.

223 669 577 767 Praecipue
629 673 854 746 destos
905 676 1195 769 cognovi
1239 687 1453 745 mente
1500 675 1678 766 magi
1736 695 1880 765 ros,

318 773 430 843 Ad
471 773 718 842 vinum
764 774 976 866 pistos
1027 773 1238 843 multa
1284 771 1527 843 tabella
1570 794 1639 842 re
1679 788 1802 854 ert.

235 867 444 942 Parte
500 870 641 941 alia
675 866 919 964 saevis
948 867 1228 967 fitspexi
1273 884 1500 959 erepta
1548 872 1761 941 ruinis

343 969 745 1060 Marmora,
791 983 957 1063 quae
1005 970 1201 1052 tellus
1246 968 1474 1059 Itala,
1526 967 1740 1063 Graja
1783 967 1979 1042 dedit.

264 1161 470 1261 Quae
509 1162 797 1258 quidem
835 1164 1081 1239 omnia
1124 1160 1532 1260 &·s1ngula,
1582 1185 1797 1259 quum
1826 1161 2052 1236 adhuc
2075 1164 2314 1238 animo

264 1284 433 1333 aneo
484 1264 951 1336 obversentur
982 1317 1006 1347 ,
1067 1286 1212 1358 quo
1261 1262 1691 1356 potiffimum
1732 1261 2018 1334 nomine
2062 1263 2311 1335 beatos

263 1382 400 1430 vos
427 1360 883 1454 praedicem,
925 1361 1200 1434 Nobile
1239 1384 1363 1457 par
1393 1361 1749 1448 Fratrum,
1798 1359 1919 1433 vix
1947 1359 2112 1433 scio.
2164 1360 2319 1434 Ve-

263 1456 584 1529 neranda
631 1477 866 1531 tamen
907 1459 1315 1555 Antiquitas
1350 1456 1478 1531 fibi
1511 1459 1875 1532 vindicare
1906 1457 2087 1532 velle
2119 1456 2313 1531 vide·

267 1573 420 1644 tur,
487 1554 695 1651 cujus
743 1575 886 1631 tam
937 1557 1337 1652 praeclarae
1379 1556 1750 1651 reliquiae,
1797 1574 1943 1628 tam
1993 1558 2255 1630 multae
2287 1609 2312 1645 ,

267 1652 690 1728 exstruam
715 1655 792 1729 in
812 1656 1047 1731 Villae
1072 1653 1341 1730 vestrae
1363 1652 1709 1730 vestibulo
1730 1654 2081 1728 Porticum
2104 1677 2313 1730 exor-

268 1771 432 1824 nant
447 1804 475 1842 ‚
503 1771 584 1825 ut
623 1772 926 1847 repente
956 1752 1141 1852 quali
1168 1753 1244 1829 in
1273 1754 1486 1829 alium
1517 1772 1851 1832 terrarum
1883 1754 2132 1828 orbem
2162 1775 2317 1846 rap-

267 1867 374 1923 tus
410 1852 586 1925 mihi
613 1852 918 1927 viderer.
1022 1855 1515 1936 occurrebant
1541 1853 1857 1931 Graecae
1881 1853 2174 1927 Latinae
2226 1874 2318 1936 ue

268 1947 815 2043 Inscriptiones,
876 1952 1339 2049 Ana'glypha,
1406 1952 1647 2027 Urnae
1668 2004 1697 2043 ‚
1765 1954 1992 2038 Arae,
2060 1953 2187 2023 Bm
2229 1975 2312 2040 a,

276 2066 494 2142 arque
536 2049 869 2138 Statuae3
929 2073 1221 2149 quarum
1263 2050 1641 2124 nonnullae
1686 2050 1855 2123 naso
1892 2049 2037 2144 jam
2087 2050 2315 2121 mino-

271 2166 390 2218 res
411 2200 432 2231 ,
486 2141 570 2218 δι
597 2147 776 2241 pede
801 2148 911 2221 vel
940 2148 1233 2224 brachio
1260 2165 1672 2238 truncatae,
1720 2148 2084 2241 deplorare
2115 2145 2313 2220 vide-

271 2244 538 2317 bantur
578 2245 692 2319 vel
721 2247 1164 2326 barbarorum
1203 2245 1703 2338 stoliditatem,
1756 2244 1873 2317 vel
1902 2240 2105 2340 ipfius
2137 2261 2315 2318 tem·

265 2344 464 2436 poris
505 2342 871 2438 injuriam3
915 2350 1093 2424 aliae
1140 2343 1505 2425 faventem
1536 2344 1763 2439 magis
1805 2360 2140 2436 expertae
2170 2343 2316 2416 for-

267 2457 562 2527 tunam,
615 2441 1007 2520 inviolatae
1058 2445 1326 2536 adhuc,
1375 2443 1671 2540 priscam
1720 2440 2172 2515 ostentabant
2206 2464 2316 2517 ar·

205 2570 216 2575 ·
265 2556 414 2612 tem
460 2537 542 2614 ἀ
591 2540 1154 2633 pulcritudinem.
1256 2547 1586 2641 Longum
1632 2540 1819 2614 foret
1871 2542 2109 2613 omnia
2155 2556 2341 2635 per··

267 2640 598 2726 censere,
650 2661 831 2733 quae
870 2642 997 2716 hic
1022 2643 1264 2717 oculos
1299 2643 1745 2736 animumque
1777 2634 2124 2712 deleaare
2157 2638 2317 2733 po's·

271 2737 439 2824 fint;
489 2738 760 2810 Bacchi
805 2756 1045 2814 tamen
1087 2741 1444 2814 alludente
1487 2740 1735 2835 Satyro
1762 2789 1787 2828 ,
1835 2757 2045 2833 atque
2092 2738 2314 2834 Apol-

272 2834 427 2907 linis
462 2835 731 2930 tripodi
777 2834 896 2910 suo
938 2837 1307 2912 innitentis
1343 2837 1535 2934 signa
1563 2836 1903 2922 mirabilia
1931 2838 2315 2928 praeterire

271 2953 593 3027 neque03
641 2933 806 3029 quin
837 2934 912 3008 ἃ
938 2934 1277 3010 ὶηῑειὸὶυω
1308 2934 1357 3010 fi
1387 2937 1768 3030 relinquam
1803 2935 2065 3007 veteris
2103 2953 2314 3031 togae

271 3031 340 3104 in
372 3032 691 3106 Consulis
722 3032 1080 3129 cujusdam
1111 3035 1415 3109 Romani
1450 3032 1673 3107 statua
1705 3035 2043 3133 ambitum
2071 3029 2146 3105 ἃ.
2184 3035 2313 3107 mi-

263 3130 566 3203 rabilem
618 3130 1030 3224 plicaturam
1051 3182 1085 3225 ‚
1151 3132 1560 3206 Germanici
1598 3131 2137 3227 pulcherrimum
2195 3152 2312 3204 ca·

267 3246 399 3321 put
429 3279 456 3318 ,
523 3228 956 3326 aliorumque
1002 3231 1349 3324 plurium;
1416 3228 2165 3327 magnificentissimam
2211 3246 2314 3300 ta-

271 3348 436 3399 men
485 3326 678 3399 illam
734 3326 1027 3424 Augusti
1073 3328 1367 3404 statuam
1412 3326 1685 3402 filentio
1734 3327 2116 3424 praeterire
2171 3348 2313 3399 non

268 3422 565 3520 possum.
619 3424 824 3527 Quae
856 3426 1145 3522 quidem
1179 3448 1329 3501 tota
1358 3449 1448 3501 ex
1481 3448 1823 3499 marmore
1856 3423 2157 3498 candido
2191 3423 2313 3493 hu·

271 3544 476 3595 mana
503 3523 936 3619 aliquantum
978 3526 1203 3621 major
1229 3527 1499 3601 ‘statura
1530 3524 1812 3618 surgens
1839 3576 1861 3606 ‚
1911 3521 2123 3593 Urbis
2163 3520 2307 3590 Ro·

271 3642 525 3694 manae
551 3622 903 3718 Orbisque
916 3622 1335 3697 domitorem
1353 3622 1427 3698 δι
1447 3620 1760 3719 praestan
1772 3619 1898 3692 tissi
1908 3639 2096 3689 mum
2113 3618 2306 3692 Prin-

271 3719 506 3811 cipem
556 3721 778 3793 oculis
831 3720 1082 3794 nostris
1113 3721 1382 3807 offert,
1433 3721 1672 3806 cultu,
1720 3740 1860 3815 quo
1894 3734 2162 3789 tantum
2201 3717 2309 3791 vi·

270 3837 426 3887 rum
463 3817 806 3906 decebat,
857 3819 1236 3893 elaborata.
1342 3817 1721 3892 Verisfima
1771 3833 1963 3891 certe
2006 3815 2145 3886 oris
2186 3837 2307 3888 ve·

268 3916 558 3987 ner-andi
603 3914 1036 3990 lineamenta
1080 3917 1166 3990 ad
1215 3916 1759 4015 praestantiores
1802 3911 2115 4008 ejusdem
2172 3915 2309 3984 lm-

259 4014 604 4107 peratoris
645 4035 983 4090 nummos
1010 4017 1300 4114 egregie
1339 4011 1795 4105 accedentia,
1844 4009 2077 4087 nescio
2104 4033 2317 4105 quem

1288 4115 1326 4156 ⁸⁸
1343 4116 1381 4156 ¹*
1400 4117 1437 4156 ἢ
1489 4134 1527 4208 3
2103 4109 2329 4180 hono-

2508 4210 2557 4267 ec·
