2870 4628
1049 227 2173 367 DuntcArro'

555 464 706 551 erit
731 523 761 570 ‚
815 456 1037 548 vestri
1078 490 1232 556 una
1275 471 1519 559 meriti
1578 468 1949 557 memoria
1983 458 2193 577 apud
2254 485 2638 581 quoscuni

561 600 711 687 que
750 574 1061 663 lectores
1101 587 1607 671 conservetur.
1724 582 1812 668 ld
1852 594 2153 669 tantum
2192 586 2457 698 rogo,
2514 610 2634 691 ut,

467 740 474 753 ·
618 716 719 774 uo
755 691 836 771 in
876 715 999 774 me
1040 697 1308 783 animo
1343 699 1625 808 semper
1679 693 1966 798 fuistis,
2016 695 2229 783 hunc
2274 701 2513 784 etiam
2552 702 2631 785 li·

659 805 896 904 llum,
950 807 1469 895 observantiae
1526 836 1744 895 meae
1806 807 2115 910 testem,
2182 811 2625 923 sustipiatis,

557 913 646 997 ἃ.
699 912 943 999 studia
989 919 1245 1007 nostra
1297 918 1923 1031 nostrorumque,
1973 942 2061 1008 ut
2092 920 2409 1026 taciti&
2457 927 2622 1011 sem·

555 1052 694 1138 per
739 1028 1072 1116 habeatis
1128 1057 1447 1121 vonis
1498 1031 2056 1123 commendata.
2137 1034 2398 1142 Quod
2433 1038 2647 1148 p'raeq

561 1154 768 1226 terea
819 1141 1205 1252 adferam,
1277 1149 1465 1233 nihil
1542 1147 1834 1250 haben,
1902 1169 2095 1234 voto
2150 1146 2246 1232 δε
2293 1150 2623 1258 precibus

561 1256 958 1367 epistolam
1001 1254 1374 1346 finiturus,
1453 1264 1954 1362 Innumerae,
2006 1261 2212 1360 scio,
2264 1262 2624 1350 vossii·-

562 1371 1012 1456 cumsonant
1045 1376 1636 1485 gratulationes:
1690 1373 1841 1459 hoc
1885 1399 2074 1460 vero
2115 1374 2453 1486 ingenue
2492 1374 2622 1459 ad-

561 1482 838 1586 firmo,
916 1488 995 1566 in
1035 1506 1256 1571 tanto
1307 1514 1634 1601 numero
1674 1512 1841 1571 non
1887 1489 2114 1571 ullam
2163 1485 2350 1591 effe,
2428 1513 2622 1596 quae

563 1593 720 1680 fide
778 1594 1112 1682 nostram
1184 1599 1270 1683 &
1343 1596 1764 1685 finceritate
1817 1596 2221 1685 antecedat.
2367 1598 2613 1703 Quod

564 1708 810 1795 vestra
869 1712 1101 1811 salua,
1160 1709 1372 1819 quod
1417 1711 1685 1797 eadem
1742 1708 1999 1797 nostra
2040 1712 2374 1820 expetit,
2446 1722 2639 1795 non·

564 1842 866 1909 tanturn
925 1823 1312 1931 publicum
1377 1851 1669 1909 morem
1727 1825 2058 1931 sequuti,
2111 1826 2235 1909 sed
2275 1820 2613 1938 {iugulari

561 1942 790 2029 etiam
863 1936 1159 2019 ratione
1221 1934 1511 2022 inducti
1581 1936 1987 2050 (quamvis
2056 1936 2145 2019 ἃ.
2218 1937 2414 2024 hauc
2479 1966 2641 2047 pro.

563 2054 875 2171 publico
909 2046 1065 2153 est,
1117 2050 1241 2135 cui
1282 2040 1537 2134 vestris
1574 2052 1858 2133 meritis
1886 2049 2411 2161 consuluistis)
2465 2051 2612 2157 his,

564 2173 878 2278 inquam
901 2226 931 2269 ‚
968 2161 1386 2249 rationibus
1428 2159 1718 2249 indutu
1760 2162 1844 2246 δι
1884 2189 2038 2274 ego
2076 2163 2444 2250 &Musae
2481 2192 2619 2250 no·

567 2281 807 2382 strae,
862 2276 1282 2386 praesertim
1320 2279 1799 2366 amoeniores
1840 2278 2060 2382 illae,
2111 2301 2297 2385 quae
2335 2275 2615 2363 studio·

563 2422 737 2482 rum
780 2390 1239 2505 elegantiam
1289 2391 1650 2499 pariunt,
1706 2415 2101 2499 precamur
2132 2451 2158 2492 ‚
2240 2408 2321 2473 ut
2374 2390 2609 2496 auspi-

565 2505 934 2595 catiffima
989 2505 1168 2589 haec
1241 2505 1727 2589 calendarum
1808 2505 1945 2594 lux
2011 2499 2097 2594 ὅτ.
2158 2526 2476 2592 volus
2526 2499 2618 2588 δε

564 2619 833 2710 vestris
890 2641 1164 2704 exorta
1223 2611 1662 2718 fitfamiliis
1694 2675 1724 2719 ‚
1788 2615 1882 2699 ἃ
1926 2613 2289 2722 ‚deinceps
2342 2617 2627 2726 saepius

566 2736 910 2836 oriatur,
970 2758 1125 2826 ouo
1181 2729 1403 2816 rebus
1477 2751 1833 2816 MAGNI
1906 2751 2443 2816 rumcn’is
2495 2756 2623 2843 ge-

567 2848 830 2937 rendis
879 2838 1298 2947 sufficiam,
1351 2843 1437 2927 &
1492 2844 1830 2952 patriae,
1879 2838 1965 2924 δι
2019 2843 2100 2925 in
2155 2868 2249 2928 ea
2308 2840 2628 2930 Frideri-

568 2967 832 3052 tianae
883 2960 1232 3058 salutem,
1289 2984 1381 3042 ac
1422 2957 1978 3070 elegantiorum
2013 2956 2434 3043 litterarum
2474 2957 2625 3043 col-

567 3077 746 3188 legii
833 3068 1305 3153 stabilitatem
1365 3068 1452 3154 δι
1506 3070 2061 3154 incrementum
2134 3094 2404 3154 curare
2440 3126 2473 3171 ‚
2543 3093 2629 3154 ac

569 3188 1013 3279 meritorum
1070 3186 1372 3295 gloria,
1442 3201 1529 3268 ut
1593 3180 1815 3296 digni
1884 3177 2053 3272 estis
2084 3236 2114 3280 ‚
2191 3178 2630 3266 constanter

566 3299 861 3420 poffitis
915 3294 1086 3380 frui.
1222 3299 1351 3382 Sic
1399 3295 1597 3379 bene
1651 3291 1881 3394 mihi,
1936 3289 2023 3382 δε
2080 3291 2277 3380 bene
2341 3289 2637 3396 Mufis,

568 3436 978 3523 earumque
1030 3408 1265 3496 soboli
1317 3407 1494 3494 huic
1546 3409 1786 3494 Sexto
1842 3403 2100 3509 Rufo,
2154 3416 2371 3513 cujus
2420 3431 2631 3491 nuuc

567 3527 888 3623 cauffaru
943 3550 1144 3635 ago,
1215 3524 1413 3608 bene
1450 3503 1600 3629 ‘per
1672 3542 1897 3632 voss
1924 3513 2096 3603 fore
2154 3514 2529 3616 confido,
2574 3512 2629 3600 fi

566 3647 1166 3760 qualemcunque
1224 3632 1483 3719 vestris
1525 3633 1768 3720 oculis
1825 3660 2142 3740 expono
2176 3693 2208 3734 ‚
2277 3653 2367 3721 ut
2438 3629 2639 3716 soliti

567 3760 786 3857 estis,
854 3752 1171 3863 benigni
1243 3747 1732 3855 faventesque
1793 3745 2261 3860 susceperitis.
2381 3744 2626 3854 Halae

569 3863 908 3962 calendis
961 3864 1338 3983 januariis
1395 3881 1946 3949 colacxcvm.

2255 4083 2633 4185 PRAE=
