2870 4628
15 2110 24 2128 v

74 1989 87 2112 -——

15 4003 74 4240 mv*
17 3941 22 3970 ··

672 326 1437 405 BREVIAR.
1583 330 1772 404 Ltn.

1873 325 2008 404 11.·
2238 344 2371 399 101

310 506 567 582 COSS.
626 506 981 581 Metellus
1038 504 1115 579 in
1162 505 1198 546 Χ
1227 501 1460 578 Sicilia
1500 500 1835 578 Afrorum
1871 498 2125 580 ducem
2144 552 2166 582 ,
2216 517 2375 569 cum

682 728 1170 798 Venter.

300 857 307 868 ‘
370 877 702 941 rseman
725 875 795 935 L.
821 875 895 935 B.
923 891 984 948 4.

2019 605 2053 651 Υ
2091 594 2370 677 CXXX.

1289 725 2112 800 Lacr-sonus..

1977 867 2004 876 π-

1047 1009 1647 1084 Neris.

248 1165 301 1226 0
313 1177 557 1238 subegisse
590 1176 767 1227 consui
782 1189 896 1226 cum
914 1176 974 1238 Q.
985 1175 1149 1227 Matio
1170 1178 1315 1228 scae-

311 1245 475 1300 vola,
506 1240 567 1287 ad
590 1252 760 1288 annum
784 1240 920 1288 urbis
945 1252 1209 1288 ncxxxvu.
1227 1254 1314 1288 au-

317 1316 439 1354 tore
479 1302 719 1360 Eutropio
754 1304 830 1350 lib.
864 1315 931 1352 lv.
983 1303 1178 1352 Tertius
1194 1336 1213 1364 ,
1253 1302 1317 1353 C.

317 1365 586 1418 ,Caecilius
617 1365 847 1416 Metellus
882 1399 901 1426 ‚
926 1365 1190 1424 caprarius
1223 1377 1311 1413 co-

315 1428 634 1487 gnominatus
649 1460 667 1486 ,
694 1439 788 1486 quo
799 1427 1015 1476 Consule
1037 1439 1150 1478 cum
1168 1428 1310 1475 Cneo

316 1491 561 1539 Carbone
609 1490 670 1536 ad
730 1489 870 1538 Urbis
926 1503 1110 1538 anuum
1160 1502 1312 1538 ucxt..

307 1554 444 1602 duos
479 1553 716 1611 quosdam
745 1553 986 1601 Metellos
1014 1552 1188 1602 fratres
1215 1565 1304 1600 eo-

315 1618 433 1664 dem
479 1617 565 1663 die
604 1615 907 1674 triumphaii‘e
934 1614 1105 1663 nescio
1136 1615 1312 1675 quibus

319 1680 382 1727 de
415 1677 620 1739 populis
636 1711 652 1739 ‚
671 1677 948 1726 memoriae
977 1678 1193 1737 prodidit
1210 1678 1308 1725 Eu·

319 1741 507 1801 tropius
534 1743 613 1789 lib.
643 1753 713 1788 tv.
741 1741 956 1801 Quartus
974 1774 992 1797 ,
1022 1742 1093 1788 M.
1131 1740 1306 1788 Caeci·

319 1805 413 1854 lius
452 1804 704 1851 Metellus.
783 1804 929 1851 Haec
957 1802 1067 1851 sunt
1101 1815 1310 1862 quatuor

314 1868 517 1915 Metelli
560 1866 880 1916 Macedonici
928 1864 1144 1915 filiorum
1189 1877 1307 1925 prae

310 1929 515 1985 nomina
577 1929 705 1987 apud
760 1930 1083 1977 Plutarchum.
1155 1929 1309 1977 Asco-

315 1993 437 2042 nius
469 2003 594 2037 vero
618 1989 852 2040 Pedianus
868 2025 888 2055 ‚
928 1993 1088 2049 gravis
1123 2003 1263 2040 autor
1281 2025 1301 2052 ,

316 2054 372 2104 in
404 2053 684 2101 oratlonem
709 2065 798 2111 pro
824 2053 1134 2103 C.Corne1i0
1154 2088 1172 2114 ,
1189 2055 1300 2102 Me·

317 2118 499 2166 tellum
526 2114 771 2163 Creticum
795 2116 938 2168 ctiam
964 2111 1195 2179 Quintum'
1210 2131 1300 2166 vo·

318 2193 398 2232 eat
435 2213 456 2239 ‚
504 2177 691 2226 eodem
744 2178 924 2228 scillcet
980 2179 1303 2238 praenomine

319 2254 433 2292 cum
478 2241 698 2289 Metello
742 2241 824 2289 Plo
842 2275 861 2302 ,
894 2243 1307 2300 quemadmodum

316 2309 373 2357 ln
399 2303 595 2353 Salustii
630 2317 827 2363 quoque
863 2305 1049 2369 Jugurt.
1080 2306 1125 2354 δι
1150 2305 1310 2355 Livia·

317 2382 411 2418 nae
438 2367 698 2427 Epitomes
723 2370 803 2415 lib.
820 2380 958 2417 xcix.
989 2368 1217 2427 scriptum
1235 2369 1307 2416 in·

317 2431 583 2479 venimusz
629 2442 683 2478 ut
714 2432 847 2478 idem
894 2433 948 2479 iit
974 2431 1216 2484 Balearici
1259 2432 1306 2483 δι

318 2494 505 2542 Cretici
558 2505 866 2553 praenomen
917 2492 1121 2554 Quintus
1140 2528 1158 2554 ,
1195 2505 1309 2541 cum

321 2569 489 2605 tamen
515 2568 619 2604 non
644 2568 770 2604 uuus
797 2556 1028 2615 idemque
1050 2556 1200 2604 fuerit
1216 2558 1309 2604 Ba·

320 2620 533 2668 learicus
582 2619 626 2665 dt
675 2620 937 2675 Creticus,
983 2630 1034 2666 ut
1057 2619 1215 2668 disces
1243 2630 1310 2671 ex

316 2684 373 2732 1..
399 2680 569 2730 Annei
606 2683 720 2729 libro
748 2694 827 2737 ut.
857 2679 1064 2740 historiae
1094 2686 1178 2731 Ro.
1223 2681 1310 2729 sed

321 2758 489 2794 tamen
536 2744 685 2793 ambo
729 2744 923 2792 fratres.
989 2742 1085 2791 Alii
1113 2743 1309 2803 quidam

312 2809 585 2857 Metellum
614 2806 868 2854 Creticum
900 2817 1080 2855 vocant
1104 2806 1308 2856 Lucium

312 2884 413 2933 pro
442 2870 628 2931 Quinto
650 2902 670 2926 ‚
688 2881 741 2919 ut
769 2867 1039 2917 Consulum
1060 2869 1206 2917 etiam
1228 2882 1311 2917 ca·

313 2937 512 2992 talogus
539 2930 705 2979 habet.
750 2930 992 2992 Quoniam
1020 2943 1179 2983 autem
1195 2920 1309 2979 Me-

312 2994 707 3046 telluscretieus
738 3006 862 3043 unus
887 2993 979 3041 fuit
1007 3006 1069 3043 ex
1102 3006 1308 3053 quatuor

307 3058 519 3108 Metelli
547 3056 866 3105 Macedonici
891 3056 1060 3106 liberis
1079 3062 1197 3116 ‚qui
1224 3070 1310 3116 pa-

311 3135 443 3173 trem
485 3132 610 3180 rogo
662 3118 932 3168 intulerunt
964 3151 983 3178 ,
1027 3119 1166 3177 isque
1209 3118 1307 3176 jam

310 3196 419 3233 tum
458 3182 688 3230 Creticus
721 3193 827 3232 erat
846 3216 864 3238 ,
884 3183 1216 3230 autorePlinin
1246 3182 1299 3230 in

312 3247 503 3296 codem
551 3247 636 3293 lib.
682 3256 773 3292 vu.
834 3246 882 3292 δε
924 3245 1071 3294 Creta
1117 3243 1310 3294 subacta

316 3304 643 3366 triumphavit
692 3308 751 3354 ad
779 3315 958 3355 annum
990 3308 1135 3357 Urbis
1163 3320 1309 3356 ncxc.

311 3385 371 3425 ut
402 3380 545 3429 putat
572 3368 836 3428 Eutropius
881 3373 959 3418 lib.
987 3384 1056 3421 vt.
1083 3369 1310 3430 profecto

311 3435 468 3482 vaide
513 3432 669 3480 senex
704 3430 885 3479 leerit
918 3432 1273 3483 Macedonicus
1293 3467 1311 3492 ‚

313 3496 451 3545 inter
491 3494 635 3546 cuius
689 3494 991 3543 conililanun
1037 3498 1082 3545 dt
1127 3495 1314 3544 Cretici

316 3559 619 3617 triumphum
651 3555 1006 3609 interceil'erint
1033 3560 1144 3607 anni
1171 3558 1310 3607 mini·

317 3635 460 3669 mum
490 3619 754 3680 octoginta.
817 3620 980 3681 Quare
1006 3634 1219 3682 vereor,
1246 3633 1311 3669 ne

323 3684 450 3742 quid
497 3697 591 3733 nos
631 3683 807 3735 fallant
847 3694 930 3731 aut
971 3683 1188 3743 librarii,
1230 3697 1311 3732 aut

325 3745 512 3806 antiqui
567 3745 650 3804 ipfi
700 3758 920 3795 autores.
998 3747 1058 3805 Q.
1105 3747 1313 3795 Caecilii

324 3808 521 3857 Metelli
548 3808 794 3858 Belearici
827 3841 847 3866 ,
877 3820 1025 3867 quem
1052 3809 1178 3857 inter
1204 3810 1315 3858 Me·

329 3873 434 3919 telli
460 3870 778 3920 Macedonici
813 3870 952 3920 filios
976 3872 1180 3930 primum
1211 3885 1312 3920 me-

336 3934 627 3983 moravimus
646 3968 664 3991 ,
692 3932 828 3984 filius
870 3932 967 3982 fuit
989 3934 1049 3994 Q.
1077 3934 1317 3985 Caecilius

334 3995 561 4049 Metellus
585 3998 763 4056 Nepos
781 4030 801 4057 ‚
831 3996 881 4044 δι
911 3993 979 4043 iic
1016 4008 1173 4054 nepos
1205 3999 1316 4045 Me·

337 4059 432 4115 teni
462 4060 815 4119 Macedonicis
846 4057 941 4124 qui
964 4057 1196 4117 Metellus
1213 4061 1317 4119 Ne·

1391 1190 1502 1237 pos.
1525 1177 1709 1228 Consul
1753 1175 1842 1227 fuit
1878 1188 1990 1226 cum
2017 1176 2076 1226 T.
2102 1174 2247 1226 Did³o
2273 1209 2289 1237 ‚
2313 1178 2374 1227 ad

1393 1252 1570 1288 annum
1615 1240 1751 1290 urbis
1779 1253 1946 1289 ncnvl.
1993 1238 2241 1299 filiumque
2290 1242 2375 1288 lia·

1392 1302 1496 1351 buit
1520 1303 1581 1363 Q.
1610 1303 1886 1353 Caecilium
1915 1303 2172 1351 Metellum
2201 1304 2373 1374 Nepo-

1389 1366 1678 1486 zissu’sssil‘
1691 1366 2070 1478 ‘mim
2090 1366 2396 1488 ιξῗὲοῗιῖἷῗ

1389 1503 1561 1539 autore
1588 1492 1806 1540 Asconio
1825 1491 1874 1539 in
1897 1496 2121 1540 oratione
2138 1505 2229 1550 pro
2245 1491 2371 1538 Cor-

1387 1554 1556 1602 nelioz
1605 1554 1787 1614 quique
1809 1556 2062 1603 -Tribunus
2088 1554 2248 1613 plebis
2281 1553 2372 1601 Ci-

1390 1628 1623 1664 ceronem
1661 1618 1914 1666 consulatu
1960 1618 2220 1666 abeuntem
2251 1629 2369 1675 pro·

1388 1678 1545 1727 hibuit
1596 1680 1883 1730 concionari
1902 1713 1920 1736 ‚
1966 1682 2029 1729 de
2073 1681 2220 1730 rebus
2248 1691 2368 1737 quas

1388 1741 1440 1789 in
1471 1755 1533 1790 eo
1557 1742 1757 1800 gefferat
1799 1743 2066 1804 magistratu
2108 1743 2248 1804 (hoc
2275 1755 2368 1800 pu·

1386 1816 1439 1853 to
1468 1805 1671 1864 colliges
1698 1819 1762 1854 ex
1788 1806 1845 1856 iis
1871 1820 1996 1865 quae
2026 1817 2191 1854 extant
2211 1805 2368 1853 Asco-

1384 1868 1455 1916 nii
1490 1868 1542 1915 iu
1569 1870 1817 1918 orationes
1842 1882 1936 1928 pro
1968 1869 2144 1917 eodem
2174 1870 2371 1916 Corne-

1382 1930 1456 1978 lio
1484 1931 1530 1978 δι
1584 1931 1637 1978 in
1677 1933 1731 1981 L.
1777 1932 2047 1992 Pisonem)
2079 1933 2125 1978 δι
2166 1931 2371 1979 fratrem

1379 1992 1545 2042 babuit
1576 1993 1637 2053 Q.
1673 1994 1941 2045 Caecilium
1968 1995 2227 2041 Metellum
2270 1994 2369 2039 Ce-

1378 2058 1539 2106 lerem
1583 2055 1684 2116 (de
1733 2057 1828 2104 boc
1851 2055 2044 2104 Celeris
2072 2066 2368 2113 cognomen·

1382 2129 1438 2170 to
1463 2118 1741 2166 Plutarchus
1781 2117 1834 2168 in
1873 2119 2088 2165 Romulo
2121 2117 2168 2164 δι.
2193 2118 2373 2164 Corio·-

1384 2179 1544 2240 lano)
1590 2179 1840 2240 eum,·ni
1884 2179 2034 2227 fallor
2065 2212 2083 2238 ,
2125 2179 2207 2236 qui
2254 2191 2368 2227 cum

1386 2244 1443 2291 L.
1479 2241 1683 2292 Afranio
1727 2240 1914 2290 Consul
1951 2241 2046 2288 fuit
2070 2253 2200 2288 anno
2234 2240 2369 2290 urbis

1383 2318 1585 2355 ncxctv.
1618 2303 1754 2363 cuius
1773 2302 2086 2354 &Ciceronis
2121 2305 2228 2364 lege
2255 2303 2369 2353 lite-

1382 2372 1474 2429 ras!
1491 2369 1667 2427 primas
1693 2368 1802 2416 libri
1840 2366 1997 2426 quinti
2024 2367 2369 2418 Familiarium.

1383 2432 1445 2493 Q.
1474 2431 1724 2480 Caecilius
1743 2431 2017 2489 Metellus,
2053 2430 2267 2487 quicum
2303 2429 2366 2489 Q.

1383 2495 1652 2543 Hortensio'
1702 2493 1885 2543 Consul
1928 2492 2019 2541 fuit
2055 2504 2185 2541 anno
2234 2491 2369 2544 urbis

1382 2569 1598 2606 uaxxx.
1612 2557 1783 2607 dubito
1798 2570 1858 2605 an
1872 2556 1999 2604 idem
2017 2555 2083 2604 iit.
2111 2555 2170 2617 Q.
2184 2554 2369 2604 Metel·

1384 2623 1460 2669 lus
1477 2621 1649 2678 Nepos
1666 2654 1684 2680 ,
1709 2620 1858 2668 frater
1874 2619 2042 2680 Quinti
2055 2618 2249 2675 Metelli
2268 2620 2372 2666 Ce-

1386 2683 1505 2731 leris
1525 2716 1543 2742 ,
1561 2682 1643 2731 sed
1671 2695 1784 2730 eum
1811 2695 1974 2733 tamen
1991 2682 2231 2730 Horteniii
2259 2685 2368 2731 col·

1384 2747 1540 2803 legam
1575 2758 1641 2794 ex
1685 2745 1942 2795 Ciceronis
1985 2745 2286 2794 orationibus
2312 2749 2368 2793 lu

1385 2809 1591 2855 Verrem
1615 2841 1634 2865 ‚
1662 2820 1720 2856 ac
1753 2807 1958 2856 Asconii
1988 2808 2370 2869 commentariiS,

1385 2882 1523 2918 certo
1557 2873 1731 2919 scimus
1751 2905 1768 2931 ‚
1793 2871 1967 2919 fratres
2006 2873 2095 2920 bos
2123 2871 2367 2932 habuisse,

1380 2934 1437 2982 L.
1464 2933 1738 2981 Caecilium
1781 2934 2075 2993 Metellum,
2103 2936 2187 2992 qui
2223 2947 2367 2995 prae·

1383 3007 1463 3044 tor
1491 2996 1542 3043 in
1568 2995 1735 3044 Sicilia
1768 2996 1911 3044 Verri
1939 2997 2180 3048 successitt
2214 2999 2259 3046 δι
2286 2997 2365 3049 M.

1384 3059 1654 3108 Caecilium
1671 3059 1926 3109 Metellum
1942 3093 1961 3117 ‚
1976 3073 2252 3119 praetorem
2272 3064 2369 3108 Ur·

1385 3122 1595 3170 bannm:
1645 3134 1855 3180 quorum
1897 3123 2072 3173 Lucius
2099 3125 2270 3173 nescio
2300 3136 2366 3172 an

1384 3184 1426 3233 is
1473 3185 1523 3231 iit
1570 3185 1624 3232 1..
1676 3184 1921 3232 Caecilius
1970 3187 2201 3236 Metellus
2231 3221 2249 3242 .,
2278 3189 2367 3244 qul

1385 3246 1630 3296 Tribunus
1669 3246 1829 3305 plebis
1871 3248 2067 3297 Caesari
2097 3238 2368 3308 reffipubil-

1386 3321 1495 3365 cam
1543 3308 1783 3358 evertenti
1827 3321 1919 3370 pro
1966 3312 2148 3361 viribus
2192 3310 2370 3359 restitit

1385 3373 1576 3423 Romae
1595 3406 1611 3427 ,
1645 3373 1705 3420 ad
1733 3385 1910 3421 anuum
1955 3375 2087 3423 urbis
2127 3384 2284 3422 nccv:
2312 3382 2368 3420 ut

1386 3434 1538 3483 refert
1575 3436 1850 3483 Plutarchus
1878 3436 1927 3482 in
1957 3438 2165 3487 Caesare
2199 3469 2217 3491 ,
2243 3436 2372 3483 Cae·

1389 3497 1466 3547 sar
1491 3498 1594 3558 ipse
1621 3500 1695 3546 lib.
1735 3511 1775 3547 1.
1805 3500 2036 3546 comment.
2063 3501 2167 3547 belh·
2192 3501 2365 3548 Civilis·

1387 3560 1522 3609 Dion
1564 3563 1677 3609 libro
1720 3573 1826 3608 xiv.
1884 3561 1934 3607 δ”
1967 3560 2065 3607 alii.
2111 3562 2164 3608 L.
2195 3561 2375 3609 Caeci·

1386 3626 1483 3671 lius
1517 3624 1750 3672 Metellus
1769 3627 1910 3680 longe
1927 3623 2047 3671 alius
2073 3622 2166 3670 suit
2182 3650 2199 3683 ,
2220 3635 2368 3682 quem

1387 3686 1551 3737 L‘ivius
1579 3688 1657 3734 lib.
1685 3697 1833 3733 xxir.
1866 3696 1947 3740 27.
1974 3686 2021 3732 dt
2039 3684 2152 3735 alibi
2181 3698 2371 3733 memo-

1387 3760 1464 3797 rat
1490 3748 1840 3806 rempublicam
1864 3746 2092 3794 deserere
2134 3749 2331 3797 voluisse
2351 3783 2371 3809 ‚

1391 3812 1433 3859 δι
1466 3812 1602 3861 ltalia
1629 3811 1873 3858 excedere
1899 3840 1916 3865 ,
1935 3810 2190 3861 Annibalis
2216 3824 2370 3871 metu,

1389 3876 1496 3933 post
1524 3871 1832 3923 Cannensem
1860 3872 2046 3920 cladem
2064 3908 2080 3933 ‚
2107 3877 2167 3924 ad
2189 3888 2368 3923 annum

1391 3938 1526 3986 urbis
1559 3946 1801 3987 nxxxvut.
1832 3933 1890 3992 Q.
1929 3935 2133 3985 Caecilii
2174 3938 2371 3988 Metelli

1388 3999 1638 4049 Numidici
1665 4008 1805 4056 pater
1842 3995 1908 4044 est
1936 3999 2109 4047 Lucius
2126 4035 2144 4062 ‚
2171 4001 2223 4049 in
2260 4014 2372 4048 ora.

1389 4066 1542 4121 tione,
1574 4061 1966 4171 Ciceroniscuro
1995 4062 2230 4125 Cornelio
2259 4064 2372 4111 Bal·

1910 4135 1938 4183 3
2270 4127 2333 4175 bu
2350 4158 2373 4191 y,
