2870 4628
495 302 739 407 ‘vrit
915 286 999 388 D
1070 292 1141 383 E
1212 272 1303 383 D
1372 280 1409 384 1
1482 280 1555 381 C
1630 284 1861 381 AT
1930 288 1970 376 Ι
2044 287 2201 419 Ο.)

510 474 897 617 binum,
972 490 1306 628 praeter
1366 488 1523 589 alia
1595 468 2073 603 beneficia,
2146 516 2292 582 eas
2353 474 2575 587 Tibi

510 662 913 787 adceptas
1002 648 1318 748 refero.
1445 641 1674 774 -lple
1763 639 1980 738 mihi
2083 637 2319 740 testis
2401 672 2569 768 es;

510 815 775 932 testes
836 809 1048 908 mihi
1116 832 1452 940 praeter
1481 801 1673 919 Te,
1718 800 1817 900 &
1855 828 2206 932 gratum
2262 833 2573 898 meum

512 975 959 1083 animum,
1032 959 1431 1096 plurimi,
1505 954 1848 1091 quoties
1928 984 2073 1051 tua
2131 987 2308 1088 ope
2359 982 2576 1051 cum

512 1121 1010 1225 valetudine
1086 1119 1173 1215 in
1249 1112 1616 1249 gratiam
1686 1107 2146 1208 redierim:
2222 1109 2573 1241 quoties

513 1275 870 1419 publico
934 1258 1368 1384 munere,
1463 1263 1562 1364 &
1646 1259 1871 1360 haud
1932 1259 2324 1378 infelici,
2421 1258 2574 1361 uni

515 1458 812 1536 tamen
902 1421 1245 1521 homini
1318 1416 1726 1551 graviore
1818 1447 2029 1512 cum
2099 1414 2578 1512 Mercurio

511 1580 961 1684 Musarum
1033 1570 1483 1672 connubio
1544 1564 1993 1667 exhaustas
2053 1568 2278 1664 vires
2348 1564 2572 1668 mihi

512 1732 977 1841 restitueris
1014 1799 1042 1844 ‚
1139 1760 1241 1825 ac
1330 1722 1721 1856 corporis
1796 1719 2347 1819 inbecillitate
2427 1753 2578 1815 ae·-

510 1916 778 2029 grum
834 1882 933 1983 &
990 1872 1459 1976 demiss‘um
1519 1874 1915 1971 animum
1968 1869 2130 1968 sale
2185 1869 2284 1970 &
2337 1870 2581 1967 Atti-

509 2078 626 2151 co
698 2038 997 2174 lepore
1076 2032 1449 2135 conditis
1524 2028 2064 2129 sermonibus
2129 2063 2578 2127 recreave«

438 2236 445 2243 ·
509 2203 625 2309 ris
689 2197 787 2299 &
856 2193 1299 2293 erexeris:
1394 2187 1740 2323 quoties
1810 2182 2186 2319 denique
2266 2181 2578 2281 iisdem

512 2353 648 2466 his
725 2331 1302 2482 Scriptoribus
1388 2369 1957 2472 operantem,
2031 2336 2256 2434 haud
2332 2335 2580 2435 secus

513 2546 616 2618 ne
699 2539 910 2605 cum
972 2498 1140 2633 ipsa
1218 2522 1513 2594 morte
1581 2490 1995 2588 luctatum
2079 2490 2578 2592 Herculem

514 2663 607 2758 vi
673 2660 758 2756 ei
831 2647 1228 2754 Alcestin
1313 2643 1713 2780 eripuisse
1801 2644 2048 2743 tradit
2092 2647 2581 2760 VetustaS,

516 2815 626 2926 ab
694 2841 915 2909 orco
972 2841 1123 2940 me
1197 2800 1611 2900 reducem
1687 2799 1774 2898 in
1838 2798 2129 2898 lucem
2204 2802 2520 2902 feceris
2554 2883 2586 2933 ,

516 2997 668 3086 ut,
739 2963 808 3076 s1
842 2962 1049 3100 quid
1103 2962 1312 3062 boni
1368 2960 1501 3058 his
1552 2994 1708 3095 per
1757 2992 1908 3057 me
1957 2957 2417 3084 adciderit,
2492 2955 2584 3064 id

518 3125 736 3235 Tibi
802 3149 1079 3221 omne
1134 3117 1532 3218 debeant.

664 3280 1016 3408 Quibus
1103 3312 1323 3376 vero
1407 3265 1692 3372 verbis
1786 3299 1880 3372 te
1968 3265 2591 3404 compellab0‚

527 3433 1185 3545 BURMANNE
1232 3423 2139 3560 CELEBERRIME?
2210 3426 2361 3559 qui
2419 3428 2598 3523 mi-

528 3591 616 3694 hi
692 3621 871 3682 non
934 3577 1096 3726 nifi
1178 3577 1544 3676 aliorum
1622 3576 2138 3676 testimoniis
2191 3580 2606 3711 ⁸cognito

528 3743 632 3858 ad
710 3740 1182 3842 amicitiam
1249 3733 1600 3852 Tuam,
1693 3735 1790 3835 &
1853 3728 2598 3836 insti-utilissimam

530 3893 910 4043 cujusvis
975 3885 1321 4041 generis
1394 3917 1662 3999 manu
1737 3887 1834 4005 &
1902 3887 2136 4035 typis
2189 3915 2602 3996 exarato·-

1316 4087 1325 4098 '
2394 4067 2609 4156 rum
