2870 4628
948 262 2204 355 DEDICATIONES

623 426 752 511 'De
776 430 1101 524 Eutropii
1130 444 1365 501 aetate
1396 446 1624 517 pauca
1650 420 1903 496 dicam.
2002 421 2313 517 Julianus
2343 421 2585 517 Impe-

535 553 773 621 rator,
824 531 1011 606 Galli
1044 525 1353 600 Caesaris
1392 522 1652 608 frater,
1703 542 1790 595 ex
1828 519 2144 594 Parthica
2175 521 2578 617 expeditio-

537 652 633 709 ne
669 630 901 707 vietor
944 625 1257 711 rediens,
1307 620 1522 718 periit
1570 640 1753 691 anno
1788 615 2040 691 Christi
2087 616 2581 693 trecentesimo

524 724 964 826 sexagesimo
988 724 1258 820 quinto.
1357 721 1462 793 At
1490 719 1588 793 ini
1616 714 2057 811 expeditioni
2085 715 2407 790 interfuit
2440 718 2582 789 Eu·

534 832 848 924 tropius;
898 825 999 898 ait
1027 823 1220 896 enim
1252 820 1373 892 sub
1400 816 1614 891 finem
1647 815 1802 888 libri
1831 812 2136 903 decimi,
2189 813 2408 913 [Hinc
2435 814 2576 906 Ju-

532 928 749 1003 liunus
793 947 1004 998 rerum
1038 924 1287 1017 potitus
1328 913 1419 1008 eli
1446 970 1469 1003 ,
1529 917 1899 1009 ingentique
1940 928 2261 1007 apparatu
2303 915 2575 987 Parthis

533 1026 762 1117 intulit
790 1024 1056 1098 bellum:
1077 1022 1181 1091 cui
1211 1016 1601 1112 expeditioni
1632 1035 1748 1106 ego
1775 1030 2006 1104 quoque
2033 1009 2377 1113 interfui]
2431 1014 2575 1085 Ae·

537 1142 646 1199 tas
674 1123 887 1198 etiam
908 1174 929 1208 ‚
978 1120 1237 1214 absque
1267 1138 1355 1186 eo
1384 1111 1504 1201 fit,
1547 1110 1714 1185 hinc
1746 1107 1957 1181 facile
1988 1129 2354 1205 appareat,
2388 1110 2579 1207 quod

532 1222 846 1298 libellum
877 1223 919 1295 s
908 1238 1068 1292 uum
1097 1214 1187 1288 ad
1218 1211 1598 1288 Valentem
1627 1210 2131 1301 Imperatorem
2161 1208 2460 1299 miserit,
2501 1227 2582 1289 ut

540 1344 633 1398 ex
662 1318 954 1416 epistola
977 1312 1267 1389 constat.
1355 1307 1770 1400 Eutropium
1805 1305 2077 1379 Graece
2105 1308 2325 1381 vertit
2358 1309 2572 1381 Paea-

536 1421 695 1495 nius
725 1473 747 1507 ,
810 1416 1029 1489 homo
1074 1433 1213 1486 non
1260 1407 1423 1483 satis
1463 1404 1708 1479 doetus
1747 1404 1819 1477 in
1859 1404 2132 1479 Latinis
2162 1461 2184 1495 ,
2248 1425 2327 1477 ut
2369 1406 2578 1496 saepe

537 1511 1028 1592 animadverti.
1093 1508 1347 1603 Capito
1375 1526 1637 1601 genere
1665 1501 1921 1597 Lycius
1949 1501 2136 1577 hunc
2168 1504 2579 1596 scriptorem

544 1600 820 1688 Graece
846 1625 1194 1696 verterat,
1244 1603 1363 1679 sed
1394 1627 1484 1677 ex
1523 1602 1643 1675 illo
1674 1621 1891 1694 opere
1927 1600 2099 1674 nihil
2136 1600 2346 1673 hodie
2385 1602 2585 1695 supe·'

539 1710 738 1801 rest,'
792 1709 980 1805 quod
1022 1706 1257 1780 sciam.
1357 1701 1597 1776 Multa
1638 1698 1942 1791 denique
1988 1721 2078 1771 ex
2122 1696 2459 1788 Eutropio
2504 1699 2581 1771 in

539 1806 795 1903 scripta
822 1801 1399 1879 suatranstulerat
1423 1800 1731 1894 Joannes
1757 1794 2245 1869 Antiochenus
2264 1847 2290 1885 ‚
2340 1796 2456 1869 sed
2485 1817 2580 1868 an

540 1928 630 1983 ex
673 1904 931 1978 Latino
967 1900 1287 1996 Eutropii
1326 1894 1754 1989 exemplari,
1802 1912 1891 1966 an
1930 1914 2017 1966 ex
2057 1893 2332 1967 Graeca
2375 1892 2583 1983 Capi·

542 2005 732 2078 tonis
773 1996 1230 2079 eonverfione
1274 1993 1508 2072 hausta
1539 1992 1658 2069 illa
1699 1990 1873 2083 fint,
1923 1989 2108 2067 haud
2151 1990 2361 2066 facile
2400 1987 2584 2071 affir-

536 2122 756 2181 mem·

876 2357 2196 2494 'SEREleslM-o

539 2581 667 2718 D
836 2581 939 2706 E
1109 2581 1212 2703 L
1373 2578 1473 2702 P
1647 2576 1774 2700 H
1945 2573 1999 2700 1
2168 2570 2297 2702 Ν
2469 2572 2614 2692 o·

1380 2827 1453 2902 S.
1512 2824 1588 2898 P.
1653 2822 1748 2899 D.

496 2949 503 2956 ’
683 3014 2456 3150 ANNA‚TANAQULL1

546 3213 552 3217 ’
1026 3222 1529 3334 FABRI
1645 3219 2112 3328 -F1L1A.

748 3485 895 3548 nm
920 3446 1271 3562 Antiquos
1294 3484 1458 3538 cum
1479 3461 1633 3558 quis
1660 3458 1838 3547 arti,
1864 3477 2073 3557 quam
2096 3443 2603 3553 profitebatur,

553 3471 743 3740 ᾼ
796 3564 1199 3644 valedicere
1234 3562 1490 3649 vellet,
1540 3557 1803 3633 solebat
1837 3559 1956 3632 ille
1983 3557 2220 3628 omnia
2248 3553 2418 3628 artis
2441 3552 2606 3625 suae

569 3625 640 3746 ui
738 3682 1067 3783 amenta,
1118 3663 1327 3749 Deo,
1374 3660 1496 3756 qui
1538 3655 1771 3730 eidem
1809 3653 2277 3770 praeficiebat,
2324 3652 2607 3728 dedica-

564 3786 1101 3958 {aazia
1110 3758 1900 3947 ‘333221251’5223‘3123
1903 3755 2395 3927 '32222322‘322
2415 3774 2463 3922 ξ’
2466 3773 2622 3922 ἓῗῑὲ

572 3960 752 4050 Tibi
771 3961 986 4042 Musa
1024 3955 1257 4040 nostra
1286 3955 1542 4033 Latina
1582 3949 1891 4049 definet,
1937 3948 2187 4050 quaesta
2212 3948 2330 4024 Te
2358 3947 2630 4058 princi·

1238 4113 1245 4126 .
2389 4066 2608 4155 plum
