<?xml version="1.0" encoding="UTF-8"?>
<!DOCTYPE html PUBLIC "-//W3C//DTD XHTML 1.0 Transitional//EN"
    "http://www.w3.org/TR/xhtml1/DTD/xhtml1-transitional.dtd">
<html xmlns="http://www.w3.org/1999/xhtml" xml:lang="en" lang="en">
 <head>
  <title>
</title>
<meta http-equiv="Content-Type" content="text/html;charset=utf-8" />
  <meta name='ocr-system' content='tesseract 3.04.00' />
  <meta name='ocr-capabilities' content='ocr_page ocr_carea ocr_par ocr_line ocrx_word'/>
</head>
<body>
  <div class='ocr_page' id='page_1' title='image "./eutropiibreviar03verhgoog_0085.png"; bbox 0 0 2870 4628; ppageno 0'>
   <div class='ocr_carea' id='block_1_1' title="bbox 522 320 2005 405">
    <p class='ocr_par' dir='ltr' id='par_1_1' title="bbox 522 320 2005 405">
     <span class='ocr_line' id='line_1_1' title="bbox 522 320 2005 405; baseline -0.003 0"><span class='ocrx_word' id='word_1_1' title='bbox 522 320 2005 405; x_wconf 64' lang='lat' dir='ltr'>21:2RAEFAT10NE&amp;</span> 
     </span>
    </p>
   </div>
   <div class='ocr_carea' id='block_1_2' title="bbox 222 475 2286 4210">
    <p class='ocr_par' dir='ltr' id='par_1_2' title="bbox 222 475 2286 4210">
     <span class='ocr_line' id='line_1_2' title="bbox 278 475 2280 579; baseline 0.001 -24"><span class='ocrx_word' id='word_1_2' title='bbox 278 482 561 576; x_wconf 71' lang='grc' dir='ltr'>η’ρίαωτ,</span> <span class='ocrx_word' id='word_1_3' title='bbox 584 480 961 579; x_wconf 71' lang='lat' dir='ltr'>qui‘plurea</span> <span class='ocrx_word' id='word_1_4' title='bbox 1002 484 1527 574; x_wconf 78' lang='lat' dir='ltr'>occupaverat3</span> <span class='ocrx_word' id='word_1_5' title='bbox 1558 475 1884 555; x_wconf 73' lang='lat' dir='ltr'>Graeculi</span> <span class='ocrx_word' id='word_1_6' title='bbox 1915 476 2280 578; x_wconf 60' lang='lat' dir='ltr'>cujusdam</span> 
     </span>
     <span class='ocr_line' id='line_1_3' title="bbox 276 572 2276 676; baseline -0.001 -21"><span class='ocrx_word' id='word_1_7' title='bbox 276 580 549 655; x_wconf 81' lang='lat' dir='ltr'>libellum</span> <span class='ocrx_word' id='word_1_8' title='bbox 568 578 737 671; x_wconf 83' lang='lat' dir='ltr'>ess&#39;e,</span> <span class='ocrx_word' id='word_1_9' title='bbox 756 578 865 654; x_wconf 87' lang='lat' dir='ltr'>cui</span> <span class='ocrx_word' id='word_1_10' title='bbox 894 579 1172 653; x_wconf 83' lang='lat' dir='ltr'>Latina</span> <span class='ocrx_word' id='word_1_11' title='bbox 1195 576 1472 673; x_wconf 69' lang='lat' dir='ltr'>adjefta</span> <span class='ocrx_word' id='word_1_12' title='bbox 1499 572 1581 647; x_wconf 86' lang='lat' dir='ltr'>fit</span> <span class='ocrx_word' id='word_1_13' title='bbox 1611 573 1836 652; x_wconf 78' lang='lat' dir='ltr'>verfio</span> <span class='ocrx_word' id='word_1_14' title='bbox 1853 627 1881 667; x_wconf 91' lang='lat'><strong><em>‚</em></strong></span> <span class='ocrx_word' id='word_1_15' title='bbox 1929 577 2276 676; x_wconf 85' lang='lat' dir='ltr'>ideoque,</span> 
     </span>
     <span class='ocr_line' id='line_1_4' title="bbox 280 671 2277 764; baseline 0.001 -16"><span class='ocrx_word' id='word_1_16' title='bbox 280 697 345 749; x_wconf 88' lang='lat' dir='ltr'>ut</span> <span class='ocrx_word' id='word_1_17' title='bbox 370 699 595 759; x_wconf 69' lang='lat' dir='ltr'>morea</span> <span class='ocrx_word' id='word_1_18' title='bbox 618 678 761 752; x_wconf 82' lang='lat' dir='ltr'>sunt</span> <span class='ocrx_word' id='word_1_19' title='bbox 790 676 1054 753; x_wconf 86' lang='lat' dir='ltr'>saeculi</span> <span class='ocrx_word' id='word_1_20' title='bbox 1080 727 1109 764; x_wconf 88' lang='lat'><strong>‚</strong></span> <span class='ocrx_word' id='word_1_21' title='bbox 1153 675 1443 750; x_wconf 84' lang='lat' dir='ltr'>minoris</span> <span class='ocrx_word' id='word_1_22' title='bbox 1479 671 1875 748; x_wconf 79' lang='lat' dir='ltr'>faciendum</span> <span class='ocrx_word' id='word_1_23' title='bbox 1894 725 1917 762; x_wconf 82' lang='grc'><em>,</em></span> <span class='ocrx_word' id='word_1_24' title='bbox 1966 696 2086 751; x_wconf 82' lang='lat' dir='ltr'>aut</span> <span class='ocrx_word' id='word_1_25' title='bbox 2114 700 2277 754; x_wconf 85' lang='lat' dir='ltr'>cum</span> 
     </span>
     <span class='ocr_line' id='line_1_5' title="bbox 280 772 2280 871; baseline 0.002 -23"><span class='ocrx_word' id='word_1_26' title='bbox 280 777 439 848; x_wconf 77' lang='lat' dir='ltr'>alliis</span> <span class='ocrx_word' id='word_1_27' title='bbox 467 775 773 862; x_wconf 75' lang='lat' dir='ltr'>Graecia,</span> <span class='ocrx_word' id='word_1_28' title='bbox 819 795 895 851; x_wconf 89' lang='lat' dir='ltr'>ut</span> <span class='ocrx_word' id='word_1_29' title='bbox 935 775 1110 849; x_wconf 82' lang='lat' dir='ltr'>fieri</span> <span class='ocrx_word' id='word_1_30' title='bbox 1139 774 1249 847; x_wconf 83' lang='lat' dir='ltr'>his</span> <span class='ocrx_word' id='word_1_31' title='bbox 1280 772 1711 871; x_wconf 76' lang='lat' dir='ltr'>temporibus</span> <span class='ocrx_word' id='word_1_32' title='bbox 1749 773 1966 864; x_wconf 87' lang='lat' dir='ltr'>solet,</span> <span class='ocrx_word' id='word_1_33' title='bbox 2019 793 2097 848; x_wconf 90' lang='lat' dir='ltr'>ut</span> <span class='ocrx_word' id='word_1_34' title='bbox 2129 775 2280 851; x_wconf 85' lang='lat' dir='ltr'>inu·</span> 
     </span>
     <span class='ocr_line' id='line_1_6' title="bbox 282 869 2282 967; baseline 0.001 -22"><span class='ocrx_word' id='word_1_35' title='bbox 282 873 463 945; x_wconf 88' lang='lat' dir='ltr'>tilem</span> <span class='ocrx_word' id='word_1_36' title='bbox 481 928 501 960; x_wconf 92' lang='lat'>‚</span> <span class='ocrx_word' id='word_1_37' title='bbox 524 872 1204 967; x_wconf 84' lang='lat' dir='ltr'>praetermittendum</span> <span class='ocrx_word' id='word_1_38' title='bbox 1221 926 1245 958; x_wconf 89' lang='lat'><strong>‚</strong></span> <span class='ocrx_word' id='word_1_39' title='bbox 1289 872 1452 966; x_wconf 87' lang='lat' dir='ltr'>quia</span> <span class='ocrx_word' id='word_1_40' title='bbox 1473 869 1686 944; x_wconf 87' lang='lat' dir='ltr'>nostri</span> <span class='ocrx_word' id='word_1_41' title='bbox 1717 870 2037 948; x_wconf 83' lang='lat' dir='ltr'>homines</span> <span class='ocrx_word' id='word_1_42' title='bbox 2067 874 2282 947; x_wconf 83' lang='lat' dir='ltr'>libro·</span> 
     </span>
     <span class='ocr_line' id='line_1_7' title="bbox 278 968 2285 1069; baseline 0.003 -27"><span class='ocrx_word' id='word_1_43' title='bbox 278 991 425 1042; x_wconf 86' lang='lat' dir='ltr'>rum</span> <span class='ocrx_word' id='word_1_44' title='bbox 462 970 804 1060; x_wconf 82' lang='lat' dir='ltr'>vilitatem,</span> <span class='ocrx_word' id='word_1_45' title='bbox 848 973 972 1047; x_wconf 78' lang='lat' dir='ltr'>vel</span> <span class='ocrx_word' id='word_1_46' title='bbox 1021 969 1509 1068; x_wconf 81' lang='lat' dir='ltr'>praestantiam</span> <span class='ocrx_word' id='word_1_47' title='bbox 1535 1023 1558 1058; x_wconf 90' lang='lat'>‚</span> <span class='ocrx_word' id='word_1_48' title='bbox 1609 991 1698 1042; x_wconf 88' lang='lat' dir='ltr'>ex</span> <span class='ocrx_word' id='word_1_49' title='bbox 1732 968 1851 1042; x_wconf 90' lang='lat' dir='ltr'>sua</span> <span class='ocrx_word' id='word_1_50' title='bbox 1882 973 2285 1069; x_wconf 80' lang='lat' dir='ltr'>ignorantia</span> 
     </span>
     <span class='ocr_line' id='line_1_8' title="bbox 285 1065 2278 1175; baseline 0.004 -36"><span class='ocrx_word' id='word_1_51' title='bbox 285 1066 657 1142; x_wconf 88' lang='lat' dir='ltr'>metiuntur.</span> <span class='ocrx_word' id='word_1_52' title='bbox 740 1069 1305 1175; x_wconf 82' lang='lat' dir='ltr'><strong>Quotusquisque</strong></span> <span class='ocrx_word' id='word_1_53' title='bbox 1347 1069 1542 1141; x_wconf 87' lang='lat' dir='ltr'>enim</span> <span class='ocrx_word' id='word_1_54' title='bbox 1589 1065 1733 1156; x_wconf 88' lang='lat' dir='ltr'>est,</span> <span class='ocrx_word' id='word_1_55' title='bbox 1762 1068 1902 1164; x_wconf 86' lang='lat' dir='ltr'>qui</span> <span class='ocrx_word' id='word_1_56' title='bbox 1951 1070 2278 1166; x_wconf 85' lang='lat' dir='ltr'>Eutropii</span> 
     </span>
     <span class='ocr_line' id='line_1_9' title="bbox 285 1165 2280 1261; baseline 0.004 -24"><span class='ocrx_word' id='word_1_57' title='bbox 285 1165 627 1256; x_wconf 83' lang='lat' dir='ltr'>notitiam,</span> <span class='ocrx_word' id='word_1_58' title='bbox 666 1190 791 1243; x_wconf 88' lang='lat' dir='ltr'>non</span> <span class='ocrx_word' id='word_1_59' title='bbox 832 1168 1010 1244; x_wconf 90' lang='lat' dir='ltr'>dico</span> <span class='ocrx_word' id='word_1_60' title='bbox 1063 1167 1300 1253; x_wconf 83' lang='lat' dir='ltr'>usum,</span> <span class='ocrx_word' id='word_1_61' title='bbox 1350 1165 1713 1252; x_wconf 87' lang='lat' dir='ltr'>habuerit,</span> <span class='ocrx_word' id='word_1_62' title='bbox 1766 1187 1978 1261; x_wconf 89' lang='lat' dir='ltr'>quum</span> <span class='ocrx_word' id='word_1_63' title='bbox 2023 1190 2112 1242; x_wconf 91' lang='lat' dir='ltr'>eo</span> <span class='ocrx_word' id='word_1_64' title='bbox 2167 1191 2280 1245; x_wconf 70' lang='lat' dir='ltr'>rer</span> 
     </span>
     <span class='ocr_line' id='line_1_10' title="bbox 279 1260 2281 1360; baseline 0.003 -26"><span class='ocrx_word' id='word_1_65' title='bbox 279 1260 554 1338; x_wconf 62' lang='lat' dir='ltr'>dedufita</span> <span class='ocrx_word' id='word_1_66' title='bbox 587 1263 661 1337; x_wconf 87' lang='lat' dir='ltr'>fit</span> <span class='ocrx_word' id='word_1_67' title='bbox 686 1268 1056 1353; x_wconf 85' lang='lat' dir='ltr'>litteraria,</span> <span class='ocrx_word' id='word_1_68' title='bbox 1102 1281 1179 1337; x_wconf 92' lang='lat' dir='ltr'>ut</span> <span class='ocrx_word' id='word_1_69' title='bbox 1210 1264 1694 1360; x_wconf 86' lang='lat' dir='ltr'>plerarumque</span> <span class='ocrx_word' id='word_1_70' title='bbox 1718 1265 2108 1338; x_wconf 83' lang='lat' dir='ltr'>scholarum</span> <span class='ocrx_word' id='word_1_71' title='bbox 2141 1264 2281 1341; x_wconf 87' lang='lat' dir='ltr'>stu·</span> 
     </span>
     <span class='ocr_line' id='line_1_11' title="bbox 277 1354 2283 1452; baseline 0.005 -22"><span class='ocrx_word' id='word_1_72' title='bbox 277 1359 416 1450; x_wconf 89' lang='lat' dir='ltr'>dia,</span> <span class='ocrx_word' id='word_1_73' title='bbox 460 1365 659 1437; x_wconf 88' lang='lat' dir='ltr'>etiam</span> <span class='ocrx_word' id='word_1_74' title='bbox 699 1354 1289 1452; x_wconf 81' lang='lat' dir='ltr'>numerofiorum,</span> <span class='ocrx_word' id='word_1_75' title='bbox 1337 1365 1465 1435; x_wconf 83' lang='lat' dir='ltr'>vix</span> <span class='ocrx_word' id='word_1_76' title='bbox 1509 1363 1687 1435; x_wconf 89' lang='lat' dir='ltr'>ultra</span> <span class='ocrx_word' id='word_1_77' title='bbox 1729 1362 2037 1438; x_wconf 78' lang='lat' dir='ltr'>comicas</span> <span class='ocrx_word' id='word_1_78' title='bbox 2081 1361 2283 1440; x_wconf 63' lang='lat' dir='ltr'>fabuv</span> 
     </span>
     <span class='ocr_line' id='line_1_12' title="bbox 269 1455 2282 1554; baseline 0.003 -24"><span class='ocrx_word' id='word_1_79' title='bbox 269 1455 521 1534; x_wconf 82' lang='lat' dir='ltr'>fabulas</span> <span class='ocrx_word' id='word_1_80' title='bbox 557 1461 629 1536; x_wconf 72' lang='lat' dir='ltr'>Bt</span> <span class='ocrx_word' id='word_1_81' title='bbox 672 1465 1043 1540; x_wconf 76' lang='lat' dir='ltr'>Ciceronis</span> <span class='ocrx_word' id='word_1_82' title='bbox 1092 1462 1455 1535; x_wconf 82' lang='lat' dir='ltr'>nonnullas</span> <span class='ocrx_word' id='word_1_83' title='bbox 1495 1456 1862 1554; x_wconf 75' lang='lat' dir='ltr'>epistolas,</span> <span class='ocrx_word' id='word_1_84' title='bbox 1929 1460 2042 1535; x_wconf 85' lang='lat' dir='ltr'>sed</span> <span class='ocrx_word' id='word_1_85' title='bbox 2093 1464 2282 1537; x_wconf 83' lang='lat' dir='ltr'>male</span> 
     </span>
     <span class='ocr_line' id='line_1_13' title="bbox 267 1555 2280 1657; baseline 0.004 -29"><span class='ocrx_word' id='word_1_86' title='bbox 267 1555 677 1653; x_wconf 51' lang='lat' dir='ltr'>intellectam</span> <span class='ocrx_word' id='word_1_87' title='bbox 739 1580 869 1636; x_wconf 82' lang='lat' dir='ltr'>aut</span> <span class='ocrx_word' id='word_1_88' title='bbox 914 1560 966 1636; x_wconf 86' lang='lat' dir='ltr'>fi</span> <span class='ocrx_word' id='word_1_89' title='bbox 1012 1560 1347 1639; x_wconf 84' lang='lat' dir='ltr'>industria</span> <span class='ocrx_word' id='word_1_90' title='bbox 1392 1558 1724 1646; x_wconf 81' lang='lat' dir='ltr'>accedat,</span> <span class='ocrx_word' id='word_1_91' title='bbox 1774 1558 1860 1635; x_wconf 87' lang='lat' dir='ltr'>ad</span> <span class='ocrx_word' id='word_1_92' title='bbox 1904 1560 2280 1657; x_wconf 86' lang='lat' dir='ltr'>Nepotem</span> 
     </span>
     <span class='ocr_line' id='line_1_14' title="bbox 269 1654 2279 1757; baseline 0.003 -31"><span class='ocrx_word' id='word_1_93' title='bbox 269 1654 731 1757; x_wconf 87' lang='lat' dir='ltr'>Curtiumque‚</span> <span class='ocrx_word' id='word_1_94' title='bbox 786 1660 907 1734; x_wconf 88' lang='lat' dir='ltr'>sed</span> <span class='ocrx_word' id='word_1_95' title='bbox 952 1656 1031 1734; x_wconf 70' lang='grc' dir='ltr'><strong>ἃ</strong></span> <span class='ocrx_word' id='word_1_96' title='bbox 1077 1659 1203 1733; x_wconf 79' lang='lat' dir='ltr'>hos</span> <span class='ocrx_word' id='word_1_97' title='bbox 1247 1680 1375 1754; x_wconf 86' lang='lat' dir='ltr'>per</span> <span class='ocrx_word' id='word_1_98' title='bbox 1405 1656 1842 1731; x_wconf 85' lang='lat' dir='ltr'>transennam</span> <span class='ocrx_word' id='word_1_99' title='bbox 1885 1657 2279 1753; x_wconf 60' lang='lat' dir='ltr'>inspector,</span> 
     </span>
     <span class='ocr_line' id='line_1_15' title="bbox 265 1754 2281 1851; baseline 0 -22"><span class='ocrx_word' id='word_1_100' title='bbox 265 1757 745 1851; x_wconf 82' lang='lat' dir='ltr'>provehantur:</span> <span class='ocrx_word' id='word_1_101' title='bbox 798 1759 1180 1833; x_wconf 88' lang='lat' dir='ltr'>Paeanium</span> <span class='ocrx_word' id='word_1_102' title='bbox 1225 1779 1401 1845; x_wconf 82' lang='lat' dir='ltr'>vero</span> <span class='ocrx_word' id='word_1_103' title='bbox 1445 1757 1570 1845; x_wconf 62' lang='lat' dir='ltr'>via</span> <span class='ocrx_word' id='word_1_104' title='bbox 1613 1778 1788 1829; x_wconf 84' lang='lat' dir='ltr'>nnus</span> <span class='ocrx_word' id='word_1_105' title='bbox 1835 1754 2115 1831; x_wconf 79' lang='lat' dir='ltr'>&amp;alter</span> <span class='ocrx_word' id='word_1_106' title='bbox 2154 1782 2281 1832; x_wconf 58' lang='lat' dir='ltr'>coa·</span> 
     </span>
     <span class='ocr_line' id='line_1_16' title="bbox 267 1846 2274 1954; baseline 0.003 -30"><span class='ocrx_word' id='word_1_107' title='bbox 267 1852 531 1946; x_wconf 84' lang='lat' dir='ltr'>gnovit‚</span> <span class='ocrx_word' id='word_1_108' title='bbox 577 1878 613 1931; x_wconf 85' lang='lat' dir='ltr'>a</span> <span class='ocrx_word' id='word_1_109' title='bbox 648 1858 1003 1954; x_wconf 86' lang='lat' dir='ltr'>plerisque</span> <span class='ocrx_word' id='word_1_110' title='bbox 1043 1856 1113 1930; x_wconf 92' lang='lat' dir='ltr'>in</span> <span class='ocrx_word' id='word_1_111' title='bbox 1144 1853 1452 1929; x_wconf 75' lang='lat' dir='ltr'>obscuris</span> <span class='ocrx_word' id='word_1_112' title='bbox 1486 1854 1884 1929; x_wconf 82' lang='lat' dir='ltr'>nominibus</span> <span class='ocrx_word' id='word_1_113' title='bbox 1917 1846 2274 1931; x_wconf 74' lang='lat' dir='ltr'>inauditis-</span> 
     </span>
     <span class='ocr_line' id='line_1_17' title="bbox 268 1953 2277 2057; baseline 0.004 -37"><span class='ocrx_word' id='word_1_114' title='bbox 268 1969 390 2042; x_wconf 87' lang='lat' dir='ltr'>que</span> <span class='ocrx_word' id='word_1_115' title='bbox 419 1953 743 2029; x_wconf 64' lang='lat' dir='ltr'>refluum.</span> <span class='ocrx_word' id='word_1_116' title='bbox 834 1956 1061 2057; x_wconf 67' lang='lat' dir='ltr'>‚Quod</span> <span class='ocrx_word' id='word_1_117' title='bbox 1098 1954 1379 2050; x_wconf 89' lang='lat' dir='ltr'>quidem</span> <span class='ocrx_word' id='word_1_118' title='bbox 1408 1976 1550 2028; x_wconf 89' lang='lat' dir='ltr'>non</span> <span class='ocrx_word' id='word_1_119' title='bbox 1583 1953 1964 2031; x_wconf 79' lang='lat' dir='ltr'>admodum</span> <span class='ocrx_word' id='word_1_120' title='bbox 2003 1956 2075 2031; x_wconf 88' lang='lat' dir='ltr'>in</span> <span class='ocrx_word' id='word_1_121' title='bbox 2108 1955 2277 2029; x_wconf 88' lang='lat' dir='ltr'>ado·</span> 
     </span>
     <span class='ocr_line' id='line_1_18' title="bbox 269 2043 2276 2147; baseline 0.004 -29"><span class='ocrx_word' id='word_1_122' title='bbox 269 2043 660 2126; x_wconf 79' lang='lat' dir='ltr'>lescentibus</span> <span class='ocrx_word' id='word_1_123' title='bbox 703 2053 1078 2144; x_wconf 73' lang='lat' dir='ltr'>miramur,</span> <span class='ocrx_word' id='word_1_124' title='bbox 1126 2054 1224 2127; x_wconf 89' lang='lat' dir='ltr'>ita</span> <span class='ocrx_word' id='word_1_125' title='bbox 1265 2051 1599 2126; x_wconf 83' lang='lat' dir='ltr'>institutis</span> <span class='ocrx_word' id='word_1_126' title='bbox 1643 2076 1683 2126; x_wconf 90' lang='lat' dir='ltr'>a</span> <span class='ocrx_word' id='word_1_127' title='bbox 1710 2050 2051 2147; x_wconf 84' lang='lat' dir='ltr'>magistris</span> <span class='ocrx_word' id='word_1_128' title='bbox 2091 2052 2276 2147; x_wconf 82' lang='lat' dir='ltr'>suis,</span> 
     </span>
     <span class='ocr_line' id='line_1_19' title="bbox 268 2149 2276 2246; baseline -0 -19"><span class='ocrx_word' id='word_1_129' title='bbox 268 2162 344 2215; x_wconf 91' lang='lat' dir='ltr'>ut</span> <span class='ocrx_word' id='word_1_130' title='bbox 379 2151 625 2227; x_wconf 80' lang='lat' dir='ltr'>nullam</span> <span class='ocrx_word' id='word_1_131' title='bbox 668 2152 1088 2227; x_wconf 86' lang='lat' dir='ltr'>Graecorum</span> <span class='ocrx_word' id='word_1_132' title='bbox 1118 2151 1666 2246; x_wconf 88' lang='lat' dir='ltr'>Latinorumque</span> <span class='ocrx_word' id='word_1_133' title='bbox 1696 2149 2055 2224; x_wconf 64' lang='lat' dir='ltr'>auctorum</span> <span class='ocrx_word' id='word_1_134' title='bbox 2091 2156 2276 2235; x_wconf 68' lang='lat' dir='ltr'>npti-</span> 
     </span>
     <span class='ocr_line' id='line_1_20' title="bbox 266 2243 2277 2327; baseline 0.005 -11"><span class='ocrx_word' id='word_1_135' title='bbox 266 2243 422 2319; x_wconf 84' lang='lat' dir='ltr'>tiam</span> <span class='ocrx_word' id='word_1_136' title='bbox 450 2247 518 2323; x_wconf 89' lang='lat' dir='ltr'>in</span> <span class='ocrx_word' id='word_1_137' title='bbox 567 2249 992 2326; x_wconf 78' lang='lat' dir='ltr'>Academias</span> <span class='ocrx_word' id='word_1_138' title='bbox 1019 2248 1360 2325; x_wconf 85' lang='lat' dir='ltr'>adferant.</span> <span class='ocrx_word' id='word_1_139' title='bbox 1465 2247 1603 2321; x_wconf 89' lang='lat' dir='ltr'>Sed</span> <span class='ocrx_word' id='word_1_140' title='bbox 1639 2247 1805 2321; x_wconf 90' lang='lat' dir='ltr'>alibi</span> <span class='ocrx_word' id='word_1_141' title='bbox 1836 2249 2031 2322; x_wconf 76' lang='lat' dir='ltr'>locus</span> <span class='ocrx_word' id='word_1_142' title='bbox 2072 2250 2277 2327; x_wconf 74' lang='lat' dir='ltr'>nobis</span> 
     </span>
     <span class='ocr_line' id='line_1_21' title="bbox 259 2339 2276 2447; baseline 0.003 -30"><span class='ocrx_word' id='word_1_143' title='bbox 259 2339 329 2416; x_wconf 70' lang='grc' dir='ltr'>ἃ</span> <span class='ocrx_word' id='word_1_144' title='bbox 351 2369 621 2447; x_wconf 83' lang='lat' dir='ltr'>campus</span> <span class='ocrx_word' id='word_1_145' title='bbox 644 2352 994 2444; x_wconf 87' lang='lat' dir='ltr'>aperietur</span> <span class='ocrx_word' id='word_1_146' title='bbox 1018 2348 1109 2424; x_wconf 85' lang='lat' dir='ltr'>de</span> <span class='ocrx_word' id='word_1_147' title='bbox 1138 2348 1527 2423; x_wconf 88' lang='lat' dir='ltr'>litterarum</span> <span class='ocrx_word' id='word_1_148' title='bbox 1558 2346 1963 2419; x_wconf 85' lang='lat' dir='ltr'>calamitate</span> <span class='ocrx_word' id='word_1_149' title='bbox 1990 2347 2276 2443; x_wconf 86' lang='lat' dir='ltr'>publice</span> 
     </span>
     <span class='ocr_line' id='line_1_22' title="bbox 255 2442 2275 2546; baseline 0.002 -29"><span class='ocrx_word' id='word_1_150' title='bbox 255 2449 723 2543; x_wconf 88' lang='lat' dir='ltr'>conquerendi.</span> <span class='ocrx_word' id='word_1_151' title='bbox 829 2450 985 2546; x_wconf 85' lang='lat' dir='ltr'>Jam</span> <span class='ocrx_word' id='word_1_152' title='bbox 1027 2445 1384 2542; x_wconf 72' lang='lat' dir='ltr'>proposito</span> <span class='ocrx_word' id='word_1_153' title='bbox 1430 2442 1741 2519; x_wconf 68' lang='lat' dir='ltr'>insistens</span> <span class='ocrx_word' id='word_1_154' title='bbox 1776 2499 1797 2532; x_wconf 87' lang='lat'>‚</span> <span class='ocrx_word' id='word_1_155' title='bbox 1855 2445 2275 2540; x_wconf 87' lang='lat' dir='ltr'>Eutropium</span> 
     </span>
     <span class='ocr_line' id='line_1_23' title="bbox 256 2540 2275 2642; baseline 0.003 -30"><span class='ocrx_word' id='word_1_156' title='bbox 256 2547 703 2638; x_wconf 85' lang='lat' dir='ltr'>commendo,</span> <span class='ocrx_word' id='word_1_157' title='bbox 747 2569 890 2621; x_wconf 87' lang='lat' dir='ltr'>non</span> <span class='ocrx_word' id='word_1_158' title='bbox 923 2546 1462 2642; x_wconf 84' lang='lat' dir='ltr'>antiquiffimum</span> <span class='ocrx_word' id='word_1_159' title='bbox 1497 2541 1780 2640; x_wconf 79' lang='lat' dir='ltr'>quidem</span> <span class='ocrx_word' id='word_1_160' title='bbox 1815 2540 2275 2638; x_wconf 84' lang='lat' dir='ltr'>scriptorem,</span> 
     </span>
     <span class='ocr_line' id='line_1_24' title="bbox 251 2642 2273 2739; baseline 0.005 -29"><span class='ocrx_word' id='word_1_161' title='bbox 251 2659 315 2712; x_wconf 87' lang='lat' dir='ltr'>at</span> <span class='ocrx_word' id='word_1_162' title='bbox 353 2666 427 2717; x_wconf 86' lang='lat' dir='ltr'>ea</span> <span class='ocrx_word' id='word_1_163' title='bbox 475 2664 714 2720; x_wconf 84' lang='lat' dir='ltr'>tamen</span> <span class='ocrx_word' id='word_1_164' title='bbox 758 2646 1198 2733; x_wconf 88' lang='lat' dir='ltr'>Latinitate,</span> <span class='ocrx_word' id='word_1_165' title='bbox 1298 2667 1428 2716; x_wconf 87' lang='lat' dir='ltr'>uae</span> <span class='ocrx_word' id='word_1_166' title='bbox 1476 2642 1842 2739; x_wconf 84' lang='lat' dir='ltr'>augendae</span> <span class='ocrx_word' id='word_1_167' title='bbox 1891 2642 2273 2720; x_wconf 88' lang='lat' dir='ltr'>eruditioni</span> 
     </span>
     <span class='ocr_line' id='line_1_25' title="bbox 252 2734 2286 2840; baseline 0.004 -30"><span class='ocrx_word' id='word_1_168' title='bbox 252 2734 353 2829; x_wconf 86' lang='lat' dir='ltr'>fit,</span> <span class='ocrx_word' id='word_1_169' title='bbox 395 2765 631 2840; x_wconf 89' lang='lat' dir='ltr'>neque</span> <span class='ocrx_word' id='word_1_170' title='bbox 670 2767 868 2818; x_wconf 72' lang='lat' dir='ltr'>aure·</span> <span class='ocrx_word' id='word_1_171' title='bbox 914 2746 1030 2817; x_wconf 84' lang='lat' dir='ltr'>vel</span> <span class='ocrx_word' id='word_1_172' title='bbox 1065 2742 1252 2816; x_wconf 63' lang='lat' dir='ltr'>docti</span> <span class='ocrx_word' id='word_1_173' title='bbox 1335 2765 1479 2816; x_wconf 83' lang='lat' dir='ltr'>mas</span> <span class='ocrx_word' id='word_1_174' title='bbox 1524 2740 1892 2831; x_wconf 85' lang='lat' dir='ltr'>offendat,</span> <span class='ocrx_word' id='word_1_175' title='bbox 1937 2740 2286 2839; x_wconf 64' lang='lat' dir='ltr'>quod&#39;nia·</span> 
     </span>
     <span class='ocr_line' id='line_1_26' title="bbox 252 2833 2271 2939; baseline 0.005 -30"><span class='ocrx_word' id='word_1_176' title='bbox 252 2833 331 2910; x_wconf 82' lang='lat' dir='ltr'>bil</span> <span class='ocrx_word' id='word_1_177' title='bbox 369 2839 649 2915; x_wconf 88' lang='lat' dir='ltr'>ostendi</span> <span class='ocrx_word' id='word_1_178' title='bbox 686 2840 869 2917; x_wconf 86' lang='lat' dir='ltr'>sorte</span> <span class='ocrx_word' id='word_1_179' title='bbox 896 2839 1175 2936; x_wconf 90' lang='lat' dir='ltr'>potest,</span> <span class='ocrx_word' id='word_1_180' title='bbox 1224 2841 1409 2939; x_wconf 87' lang='lat' dir='ltr'>quod</span> <span class='ocrx_word' id='word_1_181' title='bbox 1437 2862 1579 2914; x_wconf 89' lang='lat' dir='ltr'>non</span> <span class='ocrx_word' id='word_1_182' title='bbox 1627 2839 1816 2914; x_wconf 87' lang='lat' dir='ltr'>idem</span> <span class='ocrx_word' id='word_1_183' title='bbox 1851 2862 1942 2915; x_wconf 83' lang='lat' dir='ltr'>ex</span> <span class='ocrx_word' id='word_1_184' title='bbox 1976 2841 2271 2936; x_wconf 89' lang='lat' dir='ltr'>Trajani</span> 
     </span>
     <span class='ocr_line' id='line_1_27' title="bbox 248 2938 2271 3036; baseline 0.005 -30"><span class='ocrx_word' id='word_1_185' title='bbox 248 2939 491 3015; x_wconf 85' lang='lat' dir='ltr'>meliori</span> <span class='ocrx_word' id='word_1_186' title='bbox 524 2962 713 3013; x_wconf 85' lang='lat' dir='ltr'>aevo</span> <span class='ocrx_word' id='word_1_187' title='bbox 742 2940 1260 3036; x_wconf 85' lang='lat' dir='ltr'>comprobetur.</span> <span class='ocrx_word' id='word_1_188' title='bbox 1316 2941 1390 3013; x_wconf 87' lang='lat' dir='ltr'>Si</span> <span class='ocrx_word' id='word_1_189' title='bbox 1421 2957 1601 3031; x_wconf 82' lang='lat' dir='ltr'>quae</span> <span class='ocrx_word' id='word_1_190' title='bbox 1637 2938 1916 3035; x_wconf 84' lang='lat' dir='ltr'>propria</span> <span class='ocrx_word' id='word_1_191' title='bbox 1945 2940 2097 3035; x_wconf 76' lang='lat' dir='ltr'>ejus</span> <span class='ocrx_word' id='word_1_192' title='bbox 2126 2943 2271 3016; x_wconf 90' lang='lat' dir='ltr'>sae·</span> 
     </span>
     <span class='ocr_line' id='line_1_28' title="bbox 248 3034 2267 3135; baseline 0.002 -27"><span class='ocrx_word' id='word_1_193' title='bbox 248 3038 404 3128; x_wconf 80' lang='lat' dir='ltr'>culi,</span> <span class='ocrx_word' id='word_1_194' title='bbox 454 3060 599 3135; x_wconf 86' lang='lat' dir='ltr'>quo</span> <span class='ocrx_word' id='word_1_195' title='bbox 631 3037 933 3135; x_wconf 70' lang='lat' dir='ltr'>scripsit,</span> <span class='ocrx_word' id='word_1_196' title='bbox 968 3038 1271 3114; x_wconf 79' lang='lat' dir='ltr'>inveniri</span> <span class='ocrx_word' id='word_1_197' title='bbox 1305 3034 1622 3132; x_wconf 83' lang='lat' dir='ltr'>poffunt,</span> <span class='ocrx_word' id='word_1_198' title='bbox 1672 3059 1855 3134; x_wconf 88' lang='lat' dir='ltr'>quae</span> <span class='ocrx_word' id='word_1_199' title='bbox 1885 3056 2126 3112; x_wconf 83' lang='lat' dir='ltr'>tamen</span> <span class='ocrx_word' id='word_1_200' title='bbox 2145 3038 2267 3113; x_wconf 90' lang='lat' dir='ltr'>ad-</span> 
     </span>
     <span class='ocr_line' id='line_1_29' title="bbox 248 3134 2267 3232; baseline 0.003 -25"><span class='ocrx_word' id='word_1_201' title='bbox 248 3137 511 3209; x_wconf 83' lang='lat' dir='ltr'>modum</span> <span class='ocrx_word' id='word_1_202' title='bbox 546 3159 706 3210; x_wconf 88' lang='lat' dir='ltr'>rara</span> <span class='ocrx_word' id='word_1_203' title='bbox 740 3158 913 3232; x_wconf 90' lang='lat' dir='ltr'>puto</span> <span class='ocrx_word' id='word_1_204' title='bbox 958 3134 1141 3222; x_wconf 79' lang='lat' dir='ltr'>effe3</span> <span class='ocrx_word' id='word_1_205' title='bbox 1190 3156 1333 3209; x_wconf 88' lang='lat' dir='ltr'>non</span> <span class='ocrx_word' id='word_1_206' title='bbox 1364 3134 1506 3211; x_wconf 86' lang='lat' dir='ltr'>fine</span> <span class='ocrx_word' id='word_1_207' title='bbox 1538 3137 1851 3210; x_wconf 73' lang='lat' dir='ltr'>censoria</span> <span class='ocrx_word' id='word_1_208' title='bbox 1886 3156 2095 3227; x_wconf 88' lang='lat' dir='ltr'>nota,</span> <span class='ocrx_word' id='word_1_209' title='bbox 2144 3155 2267 3214; x_wconf 85' lang='lat' dir='ltr'>aut</span> 
     </span>
     <span class='ocr_line' id='line_1_30' title="bbox 245 3232 2268 3331; baseline 0.002 -25"><span class='ocrx_word' id='word_1_210' title='bbox 245 3235 680 3309; x_wconf 79' lang='lat' dir='ltr'>excusatione</span> <span class='ocrx_word' id='word_1_211' title='bbox 721 3236 1201 3320; x_wconf 85' lang='lat' dir='ltr'>dimittuntur,</span> <span class='ocrx_word' id='word_1_212' title='bbox 1255 3251 1328 3306; x_wconf 88' lang='lat' dir='ltr'>ut</span> <span class='ocrx_word' id='word_1_213' title='bbox 1358 3255 1495 3308; x_wconf 91' lang='lat' dir='ltr'>nec</span> <span class='ocrx_word' id='word_1_214' title='bbox 1523 3232 1692 3310; x_wconf 88' lang='lat' dir='ltr'>inde</span> <span class='ocrx_word' id='word_1_215' title='bbox 1719 3233 2102 3331; x_wconf 85' lang='lat' dir='ltr'>quidquam</span> <span class='ocrx_word' id='word_1_216' title='bbox 2144 3234 2268 3328; x_wconf 86' lang='lat' dir='ltr'>fit,</span> 
     </span>
     <span class='ocr_line' id='line_1_31' title="bbox 242 3330 2284 3430; baseline -0.001 -24"><span class='ocrx_word' id='word_1_217' title='bbox 242 3334 408 3422; x_wconf 73' lang='lat' dir='ltr'>quod</span> <span class='ocrx_word' id='word_1_218' title='bbox 434 3333 590 3408; x_wconf 85' lang='lat' dir='ltr'>stilo</span> <span class='ocrx_word' id='word_1_219' title='bbox 625 3352 751 3408; x_wconf 92' lang='lat' dir='ltr'>tuo</span> <span class='ocrx_word' id='word_1_220' title='bbox 780 3335 1052 3409; x_wconf 77' lang='lat' dir='ltr'>timeas.</span> <span class='ocrx_word' id='word_1_221' title='bbox 1151 3333 1266 3407; x_wconf 91' lang='lat' dir='ltr'>De</span> <span class='ocrx_word' id='word_1_222' title='bbox 1296 3353 1528 3430; x_wconf 81' lang='lat' dir='ltr'>rerum</span> <span class='ocrx_word' id='word_1_223' title='bbox 1565 3349 1798 3406; x_wconf 87' lang='lat' dir='ltr'>autem</span> <span class='ocrx_word' id='word_1_224' title='bbox 1829 3334 2006 3407; x_wconf 88' lang='lat' dir='ltr'>serie</span> <span class='ocrx_word' id='word_1_225' title='bbox 2033 3330 2112 3407; x_wconf 68' lang='lat' dir='ltr'>St</span> <span class='ocrx_word' id='word_1_226' title='bbox 2138 3357 2284 3427; x_wconf 82' lang='lat' dir='ltr'>per.</span> 
     </span>
     <span class='ocr_line' id='line_1_32' title="bbox 240 3430 2286 3527; baseline 0 -22"><span class='ocrx_word' id='word_1_227' title='bbox 240 3431 497 3506; x_wconf 78' lang='lat' dir='ltr'>saecula</span> <span class='ocrx_word' id='word_1_228' title='bbox 525 3430 940 3506; x_wconf 84' lang='lat' dir='ltr'>decurfione</span> <span class='ocrx_word' id='word_1_229' title='bbox 962 3453 1103 3505; x_wconf 92' lang='lat' dir='ltr'>non</span> <span class='ocrx_word' id='word_1_230' title='bbox 1135 3431 1338 3527; x_wconf 86' lang='lat' dir='ltr'>piget</span> <span class='ocrx_word' id='word_1_231' title='bbox 1366 3452 1482 3502; x_wconf 91' lang='lat' dir='ltr'>me</span> <span class='ocrx_word' id='word_1_232' title='bbox 1513 3452 1874 3525; x_wconf 83' lang='lat' dir='ltr'>repetere,</span> <span class='ocrx_word' id='word_1_233' title='bbox 1902 3430 2094 3526; x_wconf 88' lang='lat' dir='ltr'>quod</span> <span class='ocrx_word' id='word_1_234' title='bbox 2114 3432 2286 3506; x_wconf 78' lang='lat' dir='ltr'>Ad·-</span> 
     </span>
     <span class='ocr_line' id='line_1_33' title="bbox 236 3526 2269 3627; baseline -0.001 -22"><span class='ocrx_word' id='word_1_235' title='bbox 236 3529 579 3605; x_wconf 77' lang='lat' dir='ltr'>hcutione</span> <span class='ocrx_word' id='word_1_236' title='bbox 610 3529 799 3608; x_wconf 72' lang='lat' dir='ltr'>dixi:</span> <span class='ocrx_word' id='word_1_237' title='bbox 849 3531 1160 3627; x_wconf 89' lang='lat' dir='ltr'>quicum</span> <span class='ocrx_word' id='word_1_238' title='bbox 1192 3529 1531 3622; x_wconf 86' lang='lat' dir='ltr'>Eutropio</span> <span class='ocrx_word' id='word_1_239' title='bbox 1563 3528 1872 3604; x_wconf 87' lang='lat' dir='ltr'>conferri</span> <span class='ocrx_word' id='word_1_240' title='bbox 1904 3526 2146 3620; x_wconf 86' lang='lat' dir='ltr'>possit‚</span> <span class='ocrx_word' id='word_1_241' title='bbox 2175 3553 2269 3608; x_wconf 85' lang='lat' dir='ltr'>ne</span> 
     </span>
     <span class='ocr_line' id='line_1_34' title="bbox 232 3625 2265 3728; baseline 0.002 -29"><span class='ocrx_word' id='word_1_242' title='bbox 232 3625 447 3701; x_wconf 85' lang='lat' dir='ltr'>dicam</span> <span class='ocrx_word' id='word_1_243' title='bbox 484 3629 866 3728; x_wconf 77' lang='lat' dir='ltr'>anteponi5</span> <span class='ocrx_word' id='word_1_244' title='bbox 913 3628 1152 3703; x_wconf 84' lang='lat' dir='ltr'>baberi</span> <span class='ocrx_word' id='word_1_245' title='bbox 1184 3628 1254 3699; x_wconf 91' lang='lat' dir='ltr'>in</span> <span class='ocrx_word' id='word_1_246' title='bbox 1287 3628 1560 3700; x_wconf 77' lang='lat' dir='ltr'>Latinis</span> <span class='ocrx_word' id='word_1_247' title='bbox 1592 3628 1972 3700; x_wconf 87' lang='lat' dir='ltr'>nerninem.</span> <span class='ocrx_word' id='word_1_248' title='bbox 2028 3625 2265 3727; x_wconf 87' lang='lat' dir='ltr'>Quem</span> 
     </span>
     <span class='ocr_line' id='line_1_35' title="bbox 230 3723 2266 3823; baseline 0.002 -26"><span class='ocrx_word' id='word_1_249' title='bbox 230 3728 397 3799; x_wconf 84' lang='lat' dir='ltr'>tanti</span> <span class='ocrx_word' id='word_1_250' title='bbox 421 3727 632 3800; x_wconf 88' lang='lat' dir='ltr'>etiam</span> <span class='ocrx_word' id='word_1_251' title='bbox 657 3726 1039 3823; x_wconf 79' lang='lat' dir='ltr'>antiquitas</span> <span class='ocrx_word' id='word_1_252' title='bbox 1064 3725 1241 3801; x_wconf 92' lang='lat' dir='ltr'>fecit</span> <span class='ocrx_word' id='word_1_253' title='bbox 1260 3777 1284 3814; x_wconf 85' lang='lat'>,</span> <span class='ocrx_word' id='word_1_254' title='bbox 1310 3743 1384 3796; x_wconf 92' lang='lat' dir='ltr'>ut</span> <span class='ocrx_word' id='word_1_255' title='bbox 1404 3723 1473 3797; x_wconf 90' lang='lat' dir='ltr'>S.</span> <span class='ocrx_word' id='word_1_256' title='bbox 1508 3726 1981 3820; x_wconf 86' lang='lat' dir='ltr'>Hieronymus</span> <span class='ocrx_word' id='word_1_257' title='bbox 1998 3775 2024 3814; x_wconf 90' lang='lat'>‚</span> <span class='ocrx_word' id='word_1_258' title='bbox 2048 3749 2266 3823; x_wconf 88' lang='lat' dir='ltr'>quum</span> 
     </span>
     <span class='ocr_line' id='line_1_36' title="bbox 233 3822 2266 3920; baseline 0.003 -26"><span class='ocrx_word' id='word_1_259' title='bbox 233 3826 495 3899; x_wconf 71' lang='lat' dir='ltr'>annales</span> <span class='ocrx_word' id='word_1_260' title='bbox 530 3825 821 3901; x_wconf 88' lang='lat' dir='ltr'>Eusebii</span> <span class='ocrx_word' id='word_1_261' title='bbox 860 3826 979 3898; x_wconf 84' lang='lat' dir='ltr'>ve}</span> <span class='ocrx_word' id='word_1_262' title='bbox 1009 3844 1319 3900; x_wconf 85' lang='lat' dir='ltr'>verteret</span> <span class='ocrx_word' id='word_1_263' title='bbox 1354 3822 1647 3909; x_wconf 87' lang='lat' dir='ltr'>Latine,</span> <span class='ocrx_word' id='word_1_264' title='bbox 1701 3823 1815 3894; x_wconf 79' lang='lat' dir='ltr'>vel</span> <span class='ocrx_word' id='word_1_265' title='bbox 1854 3843 2266 3920; x_wconf 85' lang='lat' dir='ltr'>prorogaret</span> 
     </span>
     <span class='ocr_line' id='line_1_37' title="bbox 225 3916 2284 4019; baseline 0.003 -27"><span class='ocrx_word' id='word_1_266' title='bbox 225 3918 522 4016; x_wconf 76' lang='lat' dir='ltr'>longius,</span> <span class='ocrx_word' id='word_1_267' title='bbox 565 3921 964 4019; x_wconf 80' lang='lat' dir='ltr'>saepiflime</span> <span class='ocrx_word' id='word_1_268' title='bbox 994 3923 1314 4016; x_wconf 86' lang='lat' dir='ltr'>Eutropii</span> <span class='ocrx_word' id='word_1_269' title='bbox 1356 3920 1510 3993; x_wconf 82' lang='lat' dir='ltr'>usus</span> <span class='ocrx_word' id='word_1_270' title='bbox 1545 3920 1782 3995; x_wconf 78' lang='lat' dir='ltr'>verbis</span> <span class='ocrx_word' id='word_1_271' title='bbox 1813 3916 1931 4012; x_wconf 83' lang='lat' dir='ltr'>fit,</span> <span class='ocrx_word' id='word_1_272' title='bbox 1963 3922 2147 4018; x_wconf 90' lang='lat' dir='ltr'>quod</span> <span class='ocrx_word' id='word_1_273' title='bbox 2168 3923 2284 4000; x_wconf 70' lang='lat' dir='ltr'>de:</span> 
     </span>
     <span class='ocr_line' id='line_1_38' title="bbox 222 4015 2286 4161; baseline 0.002 -67"><span class='ocrx_word' id='word_1_274' title='bbox 222 4015 454 4097; x_wconf 71' lang='lat' dir='ltr'>Panno</span> <span class='ocrx_word' id='word_1_275' title='bbox 493 4026 718 4103; x_wconf 84' lang='lat' dir='ltr'>etiam</span> <span class='ocrx_word' id='word_1_276' title='bbox 763 4017 1060 4128; x_wconf 77' lang='lat' dir='ltr'>Otofio,</span> <span class='ocrx_word' id='word_1_277' title='bbox 1105 4016 1508 4161; x_wconf 49' lang='lat' dir='ltr'>Auguqisso</span> <span class='ocrx_word' id='word_1_278' title='bbox 1542 4017 1862 4116; x_wconf 78' lang='lat' dir='ltr'>aequali,</span> <span class='ocrx_word' id='word_1_279' title='bbox 1907 4017 2159 4122; x_wconf 66' lang='lat' dir='ltr'>§taliis</span> <span class='ocrx_word' id='word_1_280' title='bbox 2188 4020 2286 4099; x_wconf 64' lang='lat' dir='ltr'>id„</span> 
     </span>
     <span class='ocr_line' id='line_1_39' title="bbox 1502 4133 2263 4210; baseline 0.008 -20"><span class='ocrx_word' id='word_1_281' title='bbox 1502 4138 1550 4210; x_wconf 81' lang='lat'><em>5</em></span> <span class='ocrx_word' id='word_1_282' title='bbox 1785 4174 1808 4182; x_wconf 57' lang='grc'>,</span> <span class='ocrx_word' id='word_1_283' title='bbox 2083 4133 2263 4196; x_wconf 83' lang='lat' dir='ltr'>tem·</span> 
     </span>
    </p>
   </div>
  </div>
 </body>
</html>
