2870 4628
911 248 2213 386 'DenicATroNEs

566 460 752 534 haec
783 455 1062 543 κοιμνξλιω
1095 455 1522 544 offerantur,
1562 456 1676 529 Te
1714 455 1994 553 dignior
2031 457 2270 530 animo
2294 478 2609 530 occurre»

571 564 695 632 bat
715 581 738 646 3
759 558 873 630 Te
903 559 1183 654 inquam
1204 612 1225 641 ,
1252 577 1460 652 quem
1494 579 1620 652 par
1647 553 1748 627 est
1781 574 1854 627 ut
1887 557 2074 627 orbis
2103 555 2411 629 eruditus
2440 558 2612 627 sum-

568 680 763 730 mum
800 653 1151 730 Historiae
1175 649 1791 750 &chronologiae
1811 653 2142 726 arbitrum
2178 652 2615 749 agnoscat&

572 755 928 828 statorem.
1024 751 1217 828 Mihi
1262 752 1406 825 hoc
1456 752 1544 826 de
1594 751 1709 824 Te
1757 752 2196 850 praedicanti
2243 751 2460 825 fidem
2508 754 2608 826 fa·

572 854 771 926 ciunt
817 872 926 925 tot
973 850 1255 924 illustria
1298 849 1571 946 ingenii
1622 850 1767 923 Tui
1814 867 2265 923 monumenta
2295 902 2323 939 ,
2368 853 2617 946 quibus

569 951 984 1025 interiorum
1027 950 1387 1023 literarum
1433 952 1740 1021 cultores
1782 948 1955 1022 Tibi
1990 950 2057 1021 in
2091 967 2461 1022 aeternum
2492 949 2614 1020 de-

572 1047 858 1123 vinxisti
882 1072 900 1122 z
934 1048 1310 1142 praecipue
1332 1063 1567 1120 autem
1588 1046 1979 1121 immortale
2001 1046 2166 1120 illud
2195 1070 2365 1145 opus
2383 1045 2460 1120 <St
2482 1051 2620 1143 pla·

573 1170 668 1221 ne
715 1148 1076 1235 divinum,
1129 1147 1318 1243 quod
1363 1145 1453 1219 de
1497 1145 1726 1243 Cyclis
1765 1147 2111 1220 Veterum
2150 1169 2310 1220 cum
2343 1144 2623 1244 ingenti

573 1245 1006 1317 eruditorum
1056 1244 1296 1339 plausu
1328 1240 1403 1316 <St
1448 1244 1918 1317 admiratione
1964 1244 2145 1318 haud
2197 1244 2300 1318 ita
2343 1244 2629 1338 pridem

568 1341 873 1417 edidisti.
983 1344 1066 1415 In
1141 1342 1280 1416 hoc
1347 1343 1682 1439 quicquid
1738 1343 2031 1439 Sigonio
2064 1399 2085 1433 ‚
2175 1343 2556 1437 Onuphrio
2597 1393 2630 1430 ,

572 1445 971 1537 Scaliger0‚
1020 1441 1361 1530 Petavio‘,
1411 1442 1705 1538 Pigffin,
1753 1445 2194 1537 caeterisque
2229 1440 2627 1515 Chronolo·

575 1563 828 1633 gorum
863 1538 1292 1635 principibus
1324 1539 1608 1611 arduum
1642 1560 1853 1634 atque
1882 1539 2203 1613 abditum
2235 1541 2461 1612 vilum
2485 1537 2636 1627 est,

574 1637 928 1730 praeclare
979 1637 1160 1710 adeo
1198 1636 1534 1712 illustrasti
1557 1693 1579 1727 ‚
1628 1657 1706 1710 ut
1737 1638 1920 1732 apud
1957 1659 2209 1731 aequos
2239 1660 2478 1710 rerum
2517 1662 2637 1710 ae·

571 1735 967 1808 stimatores
998 1736 1069 1807 in
1119 1733 1438 1808 confess‘o
1473 1733 1597 1825 fit,
1647 1736 1826 1809 nihil
1860 1735 1943 1809 ad
1979 1733 2373 1809 istiusmodi
2405 1734 2639 1809 studia

574 1832 1018 1904 emendanda
1041 1833 1314 1924 judicio
1349 1836 1516 1906 Tuo
1552 1831 1859 1907 exaffius
1884 1830 2058 1922 effe,
2112 1850 2229 1905 aut
2259 1832 2349 1907 ad
2373 1834 2495 1907 illa
2515 1858 2637 1907 au·

573 1929 810 2025 genda
837 1926 913 2003 δε
944 1931 1439 2025 amplificanda
1467 1931 1757 2027 ingenio
1790 1931 1957 2004 Tuo
1988 1928 2365 2022 copiosius.
2435 1934 2640 2006 Inter

573 2025 888 2101 austeres
915 2048 1149 2102 autem
1167 2081 1196 2120 ‚
1242 2030 1491 2123 quibus
1520 2028 1842 2126 legendis
1870 2029 2258 2103 edendisve
2289 2028 2443 2103 usui
2489 2054 2637 2104 non

572 2104 834 2224 exiguo
877 2127 1016 2201 effe
1065 2127 1293 2222 potest
1338 2127 1578 2201 Tuum
1619 2126 1802 2201 istud
1843 2145 2243 2225 temporum
2276 2130 2637 2203 Rationa-

567 2227 749 2299 rium
769 2282 788 2314 ,
838 2224 941 2300 fas
974 2227 1149 2300 mihi
1184 2224 1265 2299 fit
1296 2247 1666 2300 numerare
1696 2227 2156 2322 Eutropium,
2178 2227 2300 2325 qui
2330 2228 2508 2302 licet
2541 2251 2637 2302 ex

572 2325 865 2420 optimis
891 2324 1521 2422 probatiffimisque
1547 2326 1906 2400 annalibus
1928 2350 2034 2399 res
2067 2326 2218 2419 plus
2254 2348 2476 2422 quam
2505 2350 2637 2401 ne.

569 2447 910 2496 annorum
941 2424 1008 2498 in
1035 2424 1334 2521 imperio
1362 2425 1688 2496 Romano
1711 2421 1938 2519 gestas
1968 2425 2388 2521 collegerit,
2420 2448 2638 2523 atque

563 2519 744 2616 stylo
775 2520 1166 2608 succinEtO,
1216 2519 1332 2605 δι,
1384 2544 1515 2614 pro
1548 2522 1798 2596 saeculi
1830 2522 2137 2606 ratione,
2189 2523 2432 2598 nitido
2472 2526 2638 2600 fatis

568 2618 649 2692 &
680 2620 987 2711 eleganti
1017 2617 1371 2691 historiam
1402 2618 1888 2705 contexuerit,
1951 2619 2130 2692 haud
2166 2638 2416 2697 tamen
2453 2627 2647 2698 adeo

576 2740 663 2787 ac
692 2714 1093 2788 historicum
1128 2714 1365 2788 decuit
1392 2716 1481 2787 ad
1515 2715 1822 2789 amuffim
1850 2718 2456 2817 chronologicam
2488 2748 2642 2798 nar-

574 2814 879 2885 rationes
924 2813 1073 2887 suas
1116 2813 1374 2908 exigit:
1426 2816 1687 2909 quippe
1730 2816 1955 2889 varias
2007 2817 2227 2889 Urbis
2275 2822 2651 2898 Conditae

573 2912 945 3023 Epochas,
1002 2912 1510 2985 Varronianam
1560 2935 1861 3009 nempe,
1912 2914 2451 3014 Cotonianam5
2512 2925 2648 2995 Fa-

577 3011 900 3098 branam,
939 3008 1439 3106 Polybianam‚
1481 3009 1621 3084 ὅτε.
1655 3013 2050 3106 promiscue
2072 3012 2427 3110 adhibet,
2479 3022 2651 3097 scri·

576 3126 859 3202 ptorum
889 3162 911 3199 ,
962 3108 1147 3180 unde
1188 3108 1445 3203 aliquid
1493 3106 1934 3205 excerpserat
1962 3163 1989 3202 ,
2051 3109 2655 3209 supputationem

577 3203 880 3279 secutusss
972 3205 1135 3279 Hac
1162 3228 1252 3281 ex
1277 3229 1356 3279 re
1388 3229 1477 3280 ne
1505 3208 1671 3304 quid
1696 3207 2103 3284 detrimenti
2141 3217 2447 3308 capiant
2478 3221 2656 3296 Mu-

580 3303 804 3377 sarum
853 3304 1155 3394 alumni,
1223 3326 1411 3377 neve
1457 3305 1805 3380 literarum
1859 3311 2208 3382 curriculo
2255 3317 2334 3387 iu
2384 3316 2667 3394 foedos

577 3401 979 3500 impingant
1018 3424 1322 3491 errores,
1376 3404 1543 3475 Tuo
1588 3406 1829 3500 Opere
1864 3410 2139 3481 abunde
2170 3433 2477 3490 cautum
2524 3416 2658 3493 est.

576 3502 715 3574 Pro
739 3502 1038 3594 publico
1063 3500 1197 3574 hoc
1220 3501 1576 3599 beneficio
1597 3506 1867 3601 gratias
1886 3505 2062 3579 Tibi
2088 3514 2473 3588 cumulate
2493 3520 2667 3590 red·

582 3599 756 3670 dent
783 3598 1079 3693 posteri,
1104 3600 1217 3672 sed
1251 3622 1418 3694 quas
1446 3622 1578 3693 pro
1607 3602 1678 3673 T
1683 3625 1767 3675 ua
1794 3626 1956 3699 erga
1981 3627 2093 3677 me
2120 3606 2668 3692 benevolentia

583 3713 818 3789 grates
855 3696 1282 3793 rependam,
1336 3698 1516 3771 haud
1551 3698 1715 3773 sane
1750 3700 2068 3776 invenio.
2168 3704 2360 3783 Hoc
2409 3733 2671 3791 tamen

583 3794 1062 3894 qualecunque
1089 3796 1311 3869 cultus
1344 3796 1486 3869 mei
1516 3794 1591 3869 ἆ
1622 3799 2109 3875 observantiae
2142 3805 2673 3892 testimonium

585 3890 757 3967 Tibi
790 3890 1046 3971 affero:
1095 3895 1279 3994 quod
1308 3894 1532 3969 nolim
1564 3918 1653 3972 ex
1679 3893 1894 3974 officii
1926 3900 2280 3980 tenuitate
2303 3960 2331 3997 ‚
2386 3910 2519 3985 sed
2538 3919 2676 3990 oh.

2477 4014 2688 4113 sequi
