2870 4628
540 304 769 371 -xuv
994 276 1069 362 ‘1³
1142 278 1220 366 R
1292 277 1446 366 ΑΕ
1515 276 1712 366 F‘A
1763 272 1852 366 Τ
1921 280 1972 366 Ῐ-
2032 284 2136 370 0.

545 467 757 536 creto
798 443 1090 532 Caesari
1145 454 1293 549 jam
1349 446 1611 531 omnia
1671 449 2016 552 tenenti,
2070 476 2160 534 ac
2205 452 2426 560 plane
2460 472 2581 568 ty-

542 583 799 647 ranno
859 554 1329 644 concessum:
1405 556 1615 665 quod
1688 555 1740 641 fi
1801 558 1970 670 post
2043 563 2444 648 Camillum
2501 574 2583 649 in

545 668 1165 759 consuetudinem
1221 669 1501 754 abiiss'et
1537 730 1563 771 ‚
1664 668 1784 756 hic
1848 699 2008 757 non
2060 693 2220 758 erat
2255 738 2279 777 ,
2351 705 2483 759 cur
2536 708 2582 761 a

544 784 814 870 Dione
879 784 1077 866 inter
1133 792 1452 889 majores
1509 780 1837 869 honores
1872 784 2160 869 Caesari
2201 789 2581 878 concessos

439 974 460 991 .
538 915 1128 995 memoraretur,
1164 893 1375 1004 quod
1433 917 1689 978 tamen
1737 915 2117 1004 tamquam
2161 927 2450 984 novum
2490 901 2577 983 &

542 1004 978 1094 inufitatum
1033 1009 1266 1092 literis
1330 1006 1771 1090 mandatum
1820 1027 2026 1093 totus
2074 1015 2281 1096 locus
2327 1012 2576 1096 osten-

534 1118 682 1207 dit.
801 1116 880 1207 A
919 1119 1228 1205 Caesare
1280 1145 1463 1201 vero
1503 1120 1971 1228 insequentes
2031 1125 2520 1231 Imperatores
2547 1180 2575 1221 ,

536 1230 631 1316 &
664 1232 762 1318 de
793 1232 929 1336 iis,
980 1258 1143 1317 non
1198 1229 1610 1336 prioribus,
1680 1232 1840 1343 agit
1893 1232 2265 1319 Laetantii
2310 1239 2572 1336 locust,

538 1342 693 1431 hoc
744 1347 975 1430 etiam
1024 1352 1141 1450 jus
1200 1339 1332 1427 iibi
1387 1338 1867 1426 vindicarunt
1925 1347 2070 1450 ita,
2127 1369 2209 1432 ut
2245 1352 2570 1455 quoties·

534 1482 863 1565 cumque
902 1455 1287 1539 minorum
1327 1453 1607 1538 ducum
1665 1461 2013 1563 exempla
2069 1458 2215 1544 hoc
2277 1461 2571 1543 honore

541 1568 843 1655 usurum
895 1563 1174 1653 deinde
1218 1566 1747 1674 proferantur,
1804 1570 1903 1652 ab
1948 1571 2570 1679 Imperatoribus,

540 1706 865 1790 quorum
923 1679 1053 1778 sub
1097 1681 1433 1788 auspiciis
1492 1704 1648 1762 rem
1705 1678 2113 1789 gefferant,
2198 1679 2568 1789 ejusmodi

539 1791 967 1901 triumphus
1037 1791 1129 1874 iis
1200 1789 1584 1877 concess'us
1639 1790 1864 1876 fuerit
1895 1854 1921 1899 ‚
2002 1793 2205 1881 unde
2276 1797 2560 1881 Tibuil.

537 1902 633 1990 L.
690 1929 743 1989 1.
806 1903 925 1988 Ex.
974 1926 1163 1992 vm.
1222 1904 1317 1988 vi]
1375 1925 1505 2009 27.
2459 1904 2478 1921 ‘

650 2072 769 2159 At
823 2087 903 2154 te
966 2058 1311 2153 vidirices'
1357 2071 1612 2156 lauros
1666 2070 1976 2156 Messala
2011 2044 2452 2184 gerentem}

759 2181 1123 2296 Portabat
1168 2183 1409 2269 niveis
1459 2211 1717 2307 currus
1756 2182 2085 2268 eburnus
2120 2188 2347 2294 equis.

532 2352 628 2439 L.
673 2377 763 2437 11.
818 2375 886 2435 c.
928 2355 1000 2436 8.
1063 2349 1350 2435 Lucius
1380 2354 1800 2461 Papirius,
1847 2349 2133 2456 inquit,
2182 2347 2572 2460 prcfi’llus

536 2465 645 2576 est
699 2462 809 2553 ad
857 2462 942 2549 id
974 2461 1245 2547 bellum
1294 2488 1460 2544 cum
1510 2462 1788 2545 honore
1835 2458 2282 2544 Dilbatvris.
2407 2467 2573 2572 Qui

538 2603 704 2664 cum
745 2577 1062 2660 Romam
1100 2570 1403 2680 redtffl’t
1420 2630 1449 2674 ‚
1503 2573 1608 2680 Q.
1644 2572 1879 2657 Fabio
1915 2572 2276 2655 Maximo
2291 2635 2315 2674 ‚
2377 2577 2569 2660 Ma-

529 2687 776 2801 gzstro
807 2687 1141 2797 equitum
1159 2745 1185 2784 ,
1240 2709 1453 2795 quem
1486 2683 1697 2793 apud
1741 2689 2159 2768 exercitum
2201 2687 2517 2800 reliquit
2540 2740 2571 2784 ,

532 2801 926 2913 praecepit
944 2854 971 2896 ‚
1028 2795 1225 2906 nese
1257 2793 1562 2904 absente
1589 2812 2006 2906 pugnaret:
2112 2797 2257 2881 Ille
2280 2859 2304 2890 ‚
2362 2825 2563 2883 occa·

519 2913 729 3027 fione
777 2923 1101 3019 reperta
1136 2964 1166 3011 ‚
1219 2903 1639 3018 filicffme
1691 2909 2091 2994 dimicavit
2108 2967 2136 3009 ,
2207 2908 2320 3011 ἐφ’
2357 2916 2567 2995 Sam·-

540 3028 752 3108 m‘tas
792 3020 1099 3105 delevit.
1213 3018 1331 3102 Ob
1383 3046 1611 3131 quam
1655 3047 1819 3105 rem
1870 3048 1925 3106 a
1972 3015 2386 3106 Distatore
2421 3048 2567 3106 .ca·

533 3139 726 3249 pitis
787 3132 1197 3219 damnatus
1225 3188 1253 3235 ‚
1334 3132 1534 3242 quod
1591 3134 1676 3238 le
1745 3150 2063 3218 vetante
2127 3133 2521 3247 pugnqffet
2540 3192 2570 3233 ,

538 3254 621 3336 in
670 3250 838 3332 enti
902 3243 1204 3353 favore
1278 3244 1605 3327 militum
1655 3243 1792 3348 ,ἐξ
1862 3245 2117 3355 populi
2194 3245 2569 3331 liberatus

539 3388 579 3466 ς
608 3419 633 3443 ,
664 3418 690 3459 ,
747 3374 982 3444 tanta
1029 3359 1356 3465 Papirio
1391 3356 1757 3467 fhditione
1804 3373 2159 3441 commota
2178 3415 2203 3454 ,
2267 3373 2359 3441 ut
2385 3375 2568 3468 pene

536 3471 695 3583 ips&
750 3469 1338 3577 interficeretur.
1476 3468 1949 3551 DiRatorem
2019 3466 2308 3575 optima
2399 3473 2569 3580 Iege

540 3586 826 3678 creari,
898 3579 1223 3688 indeque
1257 3604 1511 3687 quam
1560 3579 2063 3686 plenissimum
2126 3578 2402 3688 poss'et,
2456 3591 2568 3685 jus

544 3692 871 3780 babuisse
913 3692 1159 3808 ‘etiam
1225 3694 1424 3775 vitae
1467 3720 1578 3776 ‚ac
1645 3692 1893 3792 necis,
1964 3719 2008 3773 a
2067 3717 2224 3798 quo
2281 3720 2563 3797 provo-

538 3808 742 3892 catio
781 3831 940 3887 non
975 3824 1178 3906 erat,
1235 3823 1395 3886 tum
1435 3827 1704 3887 omnes
1740 3804 2123 3911 scriptores
2164 3803 2568 3906 testantur,

527 3939 708 4004 ‚tum
767 3916 921 4027 ipsa
968 3920 1161 4005 ratio
1188 3914 1472 4026 docet,
1515 3940 1661 4004 nec
1696 3940 2148 4027 quemquam
2184 3912 2406 4110 foregl
2495 3924 2570 4040 ui

2416 4056 2457 4109 u
2516 4054 2574 4109 ι-
