2870 4628
941 261 2175 340 DEDICATIONES

542 415 997 494 madverterit
1030 417 1167 489 Vir
1197 438 1479 498 eorum,
1526 413 1648 509 qui
1687 414 1887 508 supra
1931 415 2300 493 humanam
2337 413 2585 487 condi·

543 520 815 591 tionem
862 515 1059 588 bonis
1102 522 1360 588 artibus
1404 512 1960 586 exercitatiffimi
2006 515 2199 600 sunt,
2247 511 2580 586 facillime

542 617 910 713 princep83
959 611 1205 707 majori
1252 635 1413 683 cura
1456 630 1666 705 atque
1699 609 2039 684 industria
2083 612 2254 683 mihi
2297 610 2577 684 manda·

544 713 698 798 vit,
748 731 822 783 ut
857 710 1263 804 propediem
1301 731 1738 796 accurarem‚
1792 732 1930 804 quo
1967 711 2382 783 Eunomus
2417 732 2582 779 cum

546 810 851 883 Panum
887 808 1301 899 transtatione
1336 807 1589 877 Graeca
1629 828 1717 878 ex
1764 804 2143 879 instaurato
2189 804 2422 878 nostro
2472 826 2582 899 ty·

544 906 952 1005 pographeo
1002 904 1289 989 nitidius
1337 904 1692 997 prodiret:
1746 926 1969 1001 neque
2009 904 2348 977 sumtibus
2379 953 2401 989 ,
2451 925 2584 975 nec

547 1027 805 1098 operae
849 1006 1166 1099 pepercit
1197 1055 1220 1092 ,
1274 1025 1410 1096 quo
1460 1001 1632 1073 nihil
1681 1002 1853 1077 mihi
1893 1001 2152 1076 deesset
2184 1053 2212 1092 ,
2261 1000 2449 1097 quod
2495 1002 2584 1072 ad

547 1101 730 1175 hanc
763 1124 1019 1175 novam
1050 1101 1433 1174 editionem
1466 1097 1794 1173 conferre
1828 1101 2215 1174 videbatur.
2316 1099 2434 1171 Ne
2468 1123 2583 1171 au·

547 1219 698 1275 tem
730 1199 843 1273 Te
883 1199 1149 1295 fugiat,
1199 1199 1545 1272 benevole
1577 1195 1867 1285 Leflor,
1918 1195 2167 1294 quibus
2204 1196 2585 1270 adminicu-

544 1299 627 1372 lis
661 1296 919 1372 suffulti
970 1300 1105 1370 hoc
1138 1320 1312 1389 opus
1351 1296 1832 1391 qualecunque
1882 1296 2172 1392 aggrefli
2210 1295 2586 1380 fuerimus,

544 1396 851 1489 ingenue
890 1394 1185 1467 fatemur
1211 1448 1233 1481 ,
1279 1396 1526 1465 Mstos
1558 1394 1878 1480 codices,
1925 1416 2312 1490 quanquam
2348 1389 2423 1465 ἃ
2465 1394 2587 1465 ho·

545 1516 700 1565 rum
733 1494 884 1585 spes
923 1491 1262 1587 quaedam
1298 1488 1688 1577 affulserat,
1737 1494 1940 1564 nobis
1976 1514 2217 1564 omnes
2249 1488 2582 1563 defuisse:

547 1612 684 1663 nec
713 1608 947 1663 tamen
977 1588 1172 1661 credi
1204 1612 1246 1661 a
1273 1610 1621 1684 quoquam
1655 1587 1975 1660 volumus
1994 1641 2018 1676 ,
2040 1586 2179 1660 fine
2208 1590 2584 1661 MStorum

547 1710 689 1784 ope
723 1687 908 1760 hanc
940 1685 1240 1759 nostram
1278 1687 1664 1760 editionem
1699 1685 2100 1783 castigatam
2134 1683 2208 1757 ἀ
2239 1687 2589 1757 emacula·

547 1805 691 1857 tam
724 1783 882 1859 effe.
936 1787 1109 1857 Cum
1138 1785 1325 1857 enim
1358 1786 1550 1857 Elias
1573 1785 1851 1856 Vinctus
1879 1782 2588 1876 observaverit‚quae

549 1881 1062 1979 Burdegalenfis
1106 1880 1338 1954 codex
1385 1880 1744 1979 singularia
1771 1881 2070 1966 habeat3
2118 1880 2334 1953 etiam
2365 1880 2586 1953 Fride-

544 1983 720 2054 τίσω
754 1981 1134 2076 Sylburgiur
1175 1981 1227 2050 F
1232 1979 1586 2052 uldensem
1634 1978 2167 2074 antiquissimum
2215 1979 2465 2053 librum
2512 1981 2590 2054 in

548 2079 687 2152 suis
716 2076 932 2150 Notis
962 2078 1469 2153 enucleaverit:
1492 2100 1625 2150 nec
1657 2100 1795 2149 non
1817 2081 2137 2149 Antonius
2157 2077 2588 2164 Schonovius,

547 2172 623 2249 δι
653 2175 768 2269 qui
799 2175 982 2249 hunc
1017 2176 1285 2249 secutus
1314 2174 1454 2261 est,
1508 2176 1748 2247 Paulus
1783 2176 2087 2263 Merula,
2142 2174 2586 2248 Gaudensem

548 2274 874 2350 codicem
905 2273 1021 2347 sua
1053 2273 1369 2349 editione
1399 2272 1893 2368 express'erint:
1939 2271 2183 2347 horum
2217 2275 2451 2348 labore
2482 2293 2588 2347 at·

549 2395 685 2468 que
714 2370 1048 2447 industria
1078 2394 1219 2446 non
1252 2395 1496 2466 parum
1526 2395 1655 2444 nos
1684 2367 2088 2468 profeciss‘e,
2121 2369 2301 2443 infra
2331 2372 2403 2444 in
2437 2372 2588 2444 Va·

546 2472 806 2544 riarum
862 2469 1277 2544 Lefiionum
1332 2469 1662 2565 catalogo
1720 2466 2161 2542 manifestum
2220 2467 2584 2543 faciemus.

549 2572 774 2664 Saepe
816 2571 1029 2640 etiam
1064 2568 1321 2640 auxilio
1360 2569 1567 2639 nobis
1607 2568 1921 2638 Gruterus
1956 2565 2133 2655 fuit,
2186 2570 2305 2662 qui
2338 2589 2425 2640 ex
2459 2569 2588 2641 Pa-

551 2667 768 2741 latino
812 2664 1062 2736 codice
1096 2664 1488 2738 Miscellam
1527 2663 1905 2736 Historiam
1958 2664 2182 2761 (quae
2219 2666 2289 2737 in
2339 2667 2590 2759 priori-

552 2764 679 2836 bus
709 2763 899 2834 libris
930 2762 1150 2853 ipsum
1184 2762 1505 2854 Eutropii
1543 2762 1966 2834 breviarium
2007 2761 2145 2849 est,
2200 2761 2315 2836 sed
2355 2764 2590 2837 multis

473 2937 479 2941 ,
548 2855 1047 2933 accessionibus
1079 2860 1571 2950 interpolatum
1608 2857 1677 2931 ἃ
1715 2857 2213 2957 incrustatum)
2260 2863 2592 2934 emenda·

548 2959 701 3045 vit,
750 2955 825 3030 δι
855 2980 1013 3028 cum
1054 2956 1203 3030 aliis
1237 2956 1591 3030 Historiae
1633 2957 1988 3052 Augustae
2035 2959 2473 3054 scriptoribus
2505 2958 2591 3033 -in

556 3046 783 3130 lucenti
814 3052 1059 3127 emifit.
1112 3057 1395 3128 Praeter
1423 3057 1551 3127 hos
1582 3055 1806 3128 exeun
1841 3056 1994 3129 libri
2026 3055 2347 3145 fuerunt,
2395 3057 2591 3153 iique

553 3152 1036 3244 antiquissimi,
1084 3155 1200 3247 qui
1246 3153 1532 3225 dubium
1583 3156 1892 3227 animum
1935 3154 2336 3246 firmarent,
2385 3154 2591 3253 saepe

556 3250 631 3336 <St
650 3249 861 3325 nostri
892 3251 1098 3322 seculi
1130 3252 1319 3322 libris
1347 3273 1484 3322 non
1518 3254 1840 3348 exiguam
1870 3252 2097 3325 lucem
2119 3251 2593 3328 affunderent.

555 3350 663 3426 Ex
715 3348 905 3421 hisce
947 3349 1234 3421 nomino
1280 3351 1539 3422 Nicolai
1572 3351 1918 3423 Maillardi
1964 3349 2351 3426 editionem
2397 3352 2594 3425 Pari-

540 3444 855 3543 ficnsem,
904 3469 1097 3520 wanno
1133 3467 1381 3520 unxm
1433 3469 1910 3543 procuratam:
1959 3447 2038 3522 ἃ
2067 3445 2352 3524 aiteram
2383 3450 2595 3524 Vene-

558 3563 693 3618 ram
719 3599 740 3634 ,
791 3568 977 3619 anno
1020 3566 1226 3620 Mnxx
1268 3570 1307 3617 a
1348 3545 1612 3637 Joanne
1654 3544 1953 3641 Baptista
1996 3549 2284 3643 Egnatio
2327 3550 2597 3646 expoli-

559 3663 726 3716 tam.
838 3644 910 3715 In
949 3644 1188 3735 primis
1227 3664 1458 3718 autem
1496 3647 1685 3717 Eliae
1725 3645 1957 3717 Vineto
2000 3643 2335 3721 debemus
2359 3698 2387 3738 ‚
2433 3648 2598 3743 qui,

562 3737 872 3814 abscissis
922 3742 1113 3816 Pauli
1158 3742 1471 3817 Diaconi
1516 3743 2012 3818 additamentis
2048 3796 2071 3833 ,
2121 3768 2208 3819 ex
2243 3745 2600 3842 Burdega·

562 3834 725 3928 lensi
772 3837 1021 3914 codice
1053 3893 1073 3930 ‚
1137 3838 1425 3935 pristino
1474 3840 1686 3914 nitori
1731 3842 2052 3936 Eutropii
2097 3843 2605 3938 compendium

565 3933 899 4014 restituit:
952 3937 1147 4035 cnjus
1180 3936 1680 4037 primigeniam
1710 3938 2137 4038 editionem,
2187 3941 2608 4118 Pietgihju

1445 4075 1475 4098 ⁸·
2339 4113 2352 4128 .
2416 4062 2456 4120 ὃ
2510 4061 2605 4125 us
