2870 4628
620 260 2011 357 PRAEFATIO.

277 457 440 573 Jo.
470 462 869 552 Columbus
887 520 917 566 ‚
974 462 1154 575 Syll.
1189 461 1434 576 Epist.
1477 488 1533 548 a
1588 459 1710 550 CI.
1751 463 2206 551 Burmanno
2242 468 2357 555 ed.

279 579 386 664 T.
424 606 495 660 v.
570 582 719 693 Ep.
759 601 1112 663 evam.
1201 576 1356 664 Sed
1409 591 1771 664 neutram
1831 582 2185 687 reperire
2229 597 2360 689 po-

274 694 405 778 tui
422 747 451 792 ‚
497 687 617 795 &²
654 718 762 779 an
798 689 1198 799 exstarent
1221 748 1251 793 ‚
1306 705 1397 775 ut
1441 688 1877 775 dubitarem
1900 751 1927 791 ‚
1998 689 2358 802 posterio-

274 806 403 889 ris
435 803 539 889 ab
585 806 1130 914 Havercampo
1169 800 1279 907 65⁹
1314 829 1427 889 me
1475 798 1854 911 consultae
1874 800 2080 909 fi’cit
2114 819 2351 914 prae-

249 914 483 1024 fatio
500 972 527 1015 ‚
635 943 778 1003 uae
798 975 829 1020 ,
882 916 1084 1028 quod
1111 919 1192 1000 in
1243 917 1554 1003 iterata
1594 917 1969 1023 Eutropii
2002 945 2055 1001 a
2097 916 2174 1000 C
2205 918 2351 1006 lla-

269 1033 403 1113 rio
445 1030 547 1112 iti
596 1032 864 1119 emA.
923 1030 1157 1132 1678.
1213 1030 1592 1138 primum,
1664 1030 1895 1131 1698.
1930 1025 2163 1139 secun
2213 1056 2344 1116 um

264 1143 474 1253 typis
541 1137 902 1252 descripti
961 1141 1282 1226 editione
1317 1139 1534 1247 secus
1576 1135 1892 1249 sallum
1929 1200 1955 1237 ‚
2040 1126 2345 1250 prioris

264 1276 641 1365 nusquam
685 1258 1115 1338 mentionem
1154 1253 1429 1362 injicit.
1530 1255 1716 1337 Cum
1762 1250 1959 1336 nihil
1989 1252 2150 1336 tale
2162 1249 2343 1363 soe·

264 1370 501 1455 ranti
538 1364 753 1451 ultro
790 1364 974 1451 mihi
1013 1365 1290 1451 obtulit
1322 1363 1721 1476 exemplar
1741 1361 1936 1448 illud
1967 1367 2074 1449 A.
2112 1369 2261 1470 167
2273 1372 2351 1456 8.

269 1478 513 1562 Cizae
575 1477 980 1589 inprcffum
1043 1480 1194 1563 Cel.
1259 1480 1350 1562 P.
1395 1480 1895 1562 Burmannus
1945 1479 2101 1562 Sec.
2133 1480 2349 1588 cujus

257 1589 347 1675 in
405 1590 776 1700 Eutropii
837 1588 1229 1676 Codicibus
1262 1586 1937 1699 fisbministrandis
1982 1591 2328 1688 facilita-

256 1715 417 1791 tem
472 1707 707 1786 etiam
760 1719 946 1788 ante
998 1717 1375 1813 expertus
1414 1702 1757 1805 sueram.
1885 1700 2102 1784 Haec
2142 1727 2336 1789 vero

245 1817 446 1924 quin
480 1810 736 1899 eadem
788 1812 1018 1899 editio
1031 1814 1191 1925 fit,
1245 1840 1473 1926 quam
1510 1817 1592 1900 in
1604 1815 1768 1927 seq.
1821 1840 2104 1901 annum
2142 1815 2333 1924 reji-

250 1929 366 2009 cit
408 1925 517 2007 Cl.
571 1924 976 2011 Fabricius
993 1983 1022 2028 ,
1078 1927 1324 2010 nullus
1358 1926 1621 2011 dubito
1640 1987 1666 2024 ‚
1726 1932 1910 2036 quia
1948 1931 2031 2013 in
2068 1928 2330 2036 Suppl.

257 2035 354 2119 T.
383 2033 534 2120 m
608 2052 682 2145 ps
734 2063 905 2123 112.
983 2028 1472 2149 posteriorem
1533 2035 1683 2148 ipfi
1720 2053 1949 2123 vocat
1992 2041 2326 2125 alteram.

247 2146 357 2233 In
398 2147 542 2234 hac
577 2172 809 2252 vero,
866 2175 1094 2263 quam
1136 2152 1216 2234 in
1256 2150 1446 2251 illa,
1502 2165 1593 2231 ut
1632 2149 1792 2256 fit,
1823 2147 2040 2257 ficus
2056 2149 2325 2257 sensis·

225 2258 326 2372 se
364 2262 642 2347 Virum
669 2260 1274 2377 Eruditiffimum
1308 2289 1348 2347 e
1366 2261 1514 2372 suo
1552 2255 2083 2374 locosubjeilis
2119 2263 2323 2349 alte-

250 2377 429 2458 rius
460 2378 660 2459 notis
700 2375 1016 2489 liquebit
1037 2438 1061 2476 ,
1101 2401 1294 2489 quas
1330 2373 1493 2461 ideo
1524 2373 1829 2475 addidi,
1854 2373 2054 2489 quod
2086 2399 2328 2463 meam

236 2482 711 2596 sententiam
756 2506 1106 2575 mutatae
1139 2488 1618 2598 confirmant.
1676 2483 1693 2501 ⁶
1938 2587 1947 2592 ι

368 2600 524 2684 His
565 2604 833 2713 itaque
890 2601 1211 2688 auxiliis
1228 2659 1257 2703 ‚
1314 2600 1585 2714 quibus
1625 2623 1829 2683 meas
1863 2599 2327 2712 qualescum.·

241 2736 392 2824 que
434 2709 1149 2824 Animadverfiones
1181 2712 1475 2824 adjeci,
1528 2712 1765 2796 multo
1799 2706 2105 2796 auiiior
2134 2728 2320 2822 pro-

240 2820 490 2929 diiffet
546 2819 806 2929 Rufits
836 2885 864 2928 ‚
947 2851 1175 2937 quam
1226 2825 1422 2910 olim.
1558 2828 1686 2909 At
1757 2849 1905 2937 quo
1956 2828 2317 2910 ornatior

240 2961 439 3019 nunc
483 2933 813 3048 prodeat
848 2997 874 3040 ‚
950 2938 1143 3023 idem
1206 2936 1403 3020 illud
1446 2939 1886 3023 Burmanni
1918 2933 2118 3041 fi’cit
2152 2962 2316 3022 mu-

237 3072 384 3133 nus
401 3106 429 3149 ‚
480 3047 679 3161 quod
711 3065 1036 3160 praeter
1073 3049 1573 3160 desideratam
1612 3046 2003 3134 editionem
2023 3105 2052 3149 ,
2093 3053 2335 3161 quim·

233 3185 382 3272 que
437 3161 667 3246 Codd.
742 3162 1159 3247 MStorum
1226 3162 1752 3252 Conlationum
1792 3167 2078 3272 copiam
2093 3160 2306 3268 fice-

233 3276 408 3372 rit‚
487 3290 576 3358 ut
629 3278 946 3359 omnium
1004 3270 1555 3385 ingrattffimus
1613 3270 1867 3382 ΨΜ,
1924 3271 2067 3381 nifi
2110 3274 2309 3358 Viro

230 3385 551 3470 Eximio
574 3385 865 3497 publice
895 3390 1218 3498 gratias
1257 3411 1586 3495 agerem.
1676 3385 1823 3471 Ad
1850 3409 2068 3470 oram
2106 3387 2306 3468 enim

233 3496 449 3581 illius
488 3499 950 3604 exemplaris
982 3516 1320 3612 quatuor
1378 3500 1623 3583 MSS.
1663 3497 2139 3583 Conlationes
2168 3495 2312 3581 ad-

233 3608 549 3693 leverat
595 3612 746 3695 Vir
787 3615 980 3696 omni
1031 3637 1182 3695 meo
1212 3614 1611 3721 praeconio
1664 3612 1917 3718 major
1950 3609 2043 3694 P.
2091 3609 2308 3712 Bur-

232 3745 553 3805 mannus
598 3724 952 3806 Patruus
978 3782 1004 3822 ,
1060 3749 1381 3835 quorum
1419 3740 1679 3808 tamen
1733 3744 1924 3804 unus
1959 3748 2011 3805 a
2047 3724 2301 3831 capite

235 3833 350 3919 ad
418 3833 686 3918 calcem
739 3850 922 3918 erat
985 3839 1324 3920 conlatus
1361 3898 1387 3937 ,
1474 3837 1716 3919 ceteri
1791 3858 1934 3916 non
1985 3830 2129 3917 nili
2191 3830 2302 3922 ad

235 3943 350 4036 ad
384 3949 465 4037 C.
508 3967 710 4032 xm.
764 3946 957 4035 unde
996 3947 1108 4037 ad
1145 3948 1599 4147 Οατέῖοςαηι
1632 3945 1833 4034 Bibl.
1883 3943 2301 4147 Lugdugo·

1356 4086 1398 4147 e
1432 4086 1480 4146 e
1534 4083 1584 4171 3
2212 4082 2309 4146 a·
2366 4123 2371 4128 -
