2870 4628
111 0 456 9 ffiw·j
501 1 810 6 *ἡὴ
859 1 1062 4 jis?

680 292 1992 398 DEDICATlo:
2277 308 2422 408 ‘122‘

284 532 491 610 mm
547 503 1021 606 codicum
1104 492 1717 633 supellectilem
1782 496 2012 599 ultro
2074 501 2406 609 aditum

300 659 721 765 teclufisti
759 730 799 781 ‚
896 682 1311 788 eumque
1382 650 1486 749 ad
1565 651 1775 750 alios
1851 653 2239 755 dofihina
2307 660 2410 764 &

322 818 846 953 dignatione
930 804 1588 913 Inlustriffimos
1650 809 1917 910 Viros
1995 813 2404 919 muniisti.

342 969 934 1103 Suspiciebam
983 968 1089 1069 &
1134 964 1600 1063 venerabar
1648 963 2106 1099 ingenium
2154 999 2410 1072 tuum

338 1121 441 1224 &
526 1121 1240 1221 consummatam
1308 1121 1952 1243 eruditionem,
2023 1132 2411 1264 quoties-

341 1316 739 1417 cumque
810 1278 915 1379 ad
1001 1274 1321 1378 eorum
1387 1311 2031 1402 monumenta,
2098 1287 2408 1419 quibus

336 1441 613 1540 ditare
653 1474 961 1540 meum
1018 1441 1416 1538 animum
1469 1434 1902 1559 solebam,
1971 1441 2410 1576 confuge-

336 1636 583 1728 rem3
653 1596 797 1695 sed
877 1628 926 1693 a
987 1629 1174 1733 quo
1255 1625 1665 1729 tempore
1738 1595 1841 1694 ad
1903 1595 2412 1700 interiorem

338 1755 648 1853 Tuam
716 1749 1389 1851 familiaritatem
1458 1783 1880 1891 perquam
1952 1751 2172 1851 mihi
2244 1751 2408 1851 ho-

338 1909 807 2012 notificam
871 1904 1280 2007 admiffils
1354 1905 1597 2028 sum,
1668 1938 1915 2008 tanto
1977 1911 2408 2044 majorem

352 2066 555 2164 Tui
598 2064 1247 2163 admirationem
1303 2064 1388 2162 in
1441 2099 1592 2164 me
1637 2063 2070 2187 excitasti,
2140 2048 2410 2201 quan-.-

355 2252 463 2322 το
529 2226 806 2359 magis
864 2219 1361 2324 doffiffimis
1420 2221 1649 2324 Tuis
1712 2224 2256 2329 sermonibus
2315 2261 2411 2325 e-

334 2380 661 2493 rudiri,
730 2377 830 2478 &
888 2377 994 2477 ad
1069 2381 1520 2478 interiores
1598 2378 2051 2480 Musarum
2132 2378 2411 2486 reces-

336 2536 478 2635 fiis
561 2533 799 2631 viam
891 2527 1347 2632 monstrari
1439 2530 1655 2628 mihi
1732 2532 2167 2668 contigit,
2240 2567 2408 2668 qua

336 2693 425 2794 in
480 2721 633 2805 re,
701 2720 1272 2821 quocumque
1323 2684 1650 2803 mod0‚
1721 2721 1987 2822 opera
2039 2689 2136 2790 &
2188 2721 2405 2786 con-

335 2835 532 2934 filio
593 2837 1069 2970 opitulandi
1133 2834 1533 2935 voluntas
1598 2835 1802 2935 Tua
1894 2837 2109 2936 mihi
2183 2875 2408 2939 nun·

0 3012 11 3191 [
336 3027 609 3128 quam
673 2991 1006 3111 defuit,
1082 2993 1195 3092 ita
1253 3024 1349 3090 ut
1409 2991 1668 3091 Tuae
1731 2990 2165 3114 facilitati,
2235 3030 2405 3131 qua

0 3304 7 3359 l
335 3301 648 3440 quibus
694 3301 1186 3435 splendent,
1228 3327 1759 3420 ,ornamenta
1797 3306 1950 3408 soli
1990 3306 2202 3410 Tibi
2251 3309 2407 3444 def

336 3455 595 3554 beant
636 3456 1116 3593 Eutropius
1171 3460 1269 3561 &
1333 3462 1409 3559 F
1411 3455 1666 3566 estus·

478 3609 629 3710 Ad
696 3649 854 3714 eos
950 3619 1243 3754 itaque
1321 3618 1734 3740 redeant,
1825 3645 2181 3753 oportet
2236 3692 2266 3740 ,
2354 3653 2403 3726 a

314 3761 631 3906 quibus
696 3792 1058 3866 tantum
1134 3769 1785 3868 incrementum
1845 3768 2398 3902 adceperunt.

293 3918 721 4028 Ornatus
786 3911 863 4025 fi
924 3915 1219 4025 minus
1302 3915 1585 4056 placet
1631 3993 1661 4044 ,
1732 3919 2152 4059 primitias
2223 3914 2404 4021 este

0 4066 12 4183 l
1385 4073 1442 4219 ἐ
1505 4101 1566 4214 5
2239 4110 2408 4218 pu:-

333 3175 479 3246 tot
558 3149 778 3248 mihi
863 3148 1173 3252 auxilia
1253 3145 1867 3281 fisppeditasti‚
1971 3152 2408 3276 maxima,
2543 3267 2560 3282 x
