2870 4628
877 275 2179 379 'DanrcarroNEs

528 457 872 534 honorem
899 470 1107 529 tanto
1141 454 1427 555 fastigio
1457 452 1748 568 dignum
1785 455 2070 553 spirant.
2119 452 2585 532 Paludar'neni

526 579 681 630 tum
732 553 807 630 δι
850 578 1041 630 arma
1083 555 1494 652 caelataque
1536 576 1607 628 m
1638 555 1934 628 thorace
1965 574 2294 650 tropaea,
2348 555 2579 630 Deae·

530 679 669 751 que
693 652 1070 729 statuentes
1099 654 1494 728 mansurum
1520 654 1864 728 honorum
1883 709 1905 743 ‚
1934 651 2379 727 viftoriarum
2403 677 2575 728 con·

529 756 735 827 tinuo
779 753 988 848 cursu,
1023 751 1309 827 felicem
1362 751 1706 827 denotant
1750 753 2205 849 principem3
2269 751 2577 847 subjecta

530 850 802 927 ibidem
830 850 921 924 ad
957 851 1367 926 umbilicum
1399 850 1685 926 Concha
1704 908 1724 940 ,
1773 874 1863 926 ex
1898 849 2095 943 cujus
2123 847 2308 946 quasi
2338 851 2581 926 medio

533 949 753 1046 surgit
785 953 1142 1046 tropaeum
1163 1005 1185 1039 ,
1230 950 1574 1048 respicere
1601 950 1779 1024 mihi
1807 949 2092 1036 videtur
2124 972 2267 1022 non
2302 965 2580 1024 tantum

533 1047 626 1123 ad
669 1048 979 1123 nobilem
1019 1048 1249 1139 illam,
1301 1072 1437 1147 qua
1466 1047 1746 1128 solifibi
1775 1045 2244 1144 Reipublicae
2274 1044 2582 1143 potesta·
2658 1081 2663 1084 ·

529 1159 681 1220 tem
722 1145 1001 1221 afferuit
1040 1169 1349 1245 pugnam
1391 1143 2099 1235 Actiacam,‘verum
2137 1144 2214 1220 ἃ
2244 1148 2328 1219 ad
2364 1169 2581 1243 gene·

523 1244 626 1319 ris
655 1244 1051 1341 originem,
1105 1247 1284 1319 mari
1312 1266 1591 1336 natam,
1642 1248 2026 1320 Venerem.
2105 1246 2364 1319 Subtus
2391 1246 2581 1318 Her-

528 1341 707 1417 culis
751 1366 994 1418 cernas
1041 1345 1352 1435 labores,
1398 1345 1521 1442 qui
1556 1343 1839 1442 quidem
1874 1368 2124 1420 omnes
2148 1345 2327 1416 miro
2355 1343 2573 1417 artifi-

532 1442 654 1516 cio
699 1439 1073 1515 militarem
1114 1463 1469 1536 occupant
1511 1441 1935 1530 cinciuram,
1998 1443 2424 1535 felicemque
2462 1465 2576 1515 re-

528 1561 685 1611 rum
722 1536 1019 1628 statum,
1052 1539 1371 1614 monstris
1406 1542 1737 1614 omnibus
1771 1541 2156 1627 exstinctis,
2187 1541 2574 1628 celebrant.

525 1635 912 1711 Exciderat
950 1659 1135 1733 pene
1177 1641 1454 1728 animo,
1507 1642 1693 1739 quod
1729 1643 1801 1714 in
1846 1641 2078 1738 capite
2118 1638 2379 1712 statuae
2416 1639 2572 1734 dig·

525 1735 872 1808 niffimurn
921 1736 1522 1813 animadverfione
1555 1737 1775 1812 visum
1819 1738 1942 1812 est.
2044 1740 2158 1811 Ad
2198 1757 2574 1833 utrumque

437 1845 446 1852 ·
526 1841 807 1927 tempus
836 1832 913 1907 ἃ
947 1857 1224 1909 comam
1270 1837 1559 1912 verticia
1587 1835 1932 1910 foramina
1964 1837 2153 1924 vidi,
2202 1832 2572 1908 vetustiffi·

525 1931 846 2027 mis·jam
896 1934 1328 2028 temporibus
1375 1954 1528 2009 arte
1571 1935 1971 2022 elaborata;
2032 1934 2244 2010 subiit
2286 1931 2573 2021 statim,

525 2029 911 2105 inserviiss‘e
953 2032 1271 2122 laureae,
1320 2056 1503 2131 quae
1548 2057 1637 2108 ex
1673 2056 1833 2108 aere
1876 2032 2108 2121 facta,
2155 2033 2269 2105 vel
2309 2033 2572 2127 pretio·

522 2127 704 2203 flore
751 2130 1079 2220 metallo,
1132 2133 1231 2205 ita
1261 2134 1477 2226 capiti
1508 2133 1710 2230 hujus
1744 2131 2008 2205 statuae
2042 2131 2253 2204 fuerit
2290 2129 2574 2224 adapta·

523 2244 625 2300 ta.
725 2228 820 2302 Et
862 2229 1033 2303 olim
1082 2229 1367 2327 quidem
1406 2230 1685 2304 Romae
1718 2247 1969 2327 togato
2005 2231 2267 2327 populo
2303 2226 2570 2321 speeta-

523 2327 684 2402 bilis
713 2330 1187 2426 temporibus,
1235 2330 1484 2427 quibus
1524 2330 1855 2404 Nobiliss'.
1907 2328 2279 2424 Reynstius
2319 2328 2418 2402 ibi
2446 2349 2573 2421 pe-

517 2425 1050 2524 regrinabatur,
1075 2449 1287 2525 atque
1319 2429 1394 2502 in
1426 2426 1692 2502 nostras
1724 2427 2120 2500 transvecta
2147 2447 2399 2516 terras,
2421 2449 2572 2499 me·

520 2525 665 2599 rito
696 2527 1090 2622 principem
1125 2527 1359 2599 locum
1388 2526 1575 2600 inter
1590 2524 1897 2601 Velsena
1915 2528 2390 2599 Monumenta
2414 2525 2571 2598 Vil-

516 2622 632 2696 lae
687 2622 1259 2718 Papenbruchiae
1295 2624 1619 2697 obtinere
1659 2623 1983 2712 videtur3
2030 2647 2122 2696 ex
2167 2624 2362 2721 cujus
2413 2624 2567 2719 jam

515 2719 806 2793 Porticu
847 2717 1100 2794 reliffls
1133 2739 1243 2794 tot
1289 2721 1558 2794 veteris
1600 2721 1762 2795 aevi
1802 2724 2313 2810 monumentis,
2364 2721 2567 2795 fidei·

515 2838 656 2913 que
684 2839 853 2890 vere
897 2821 1206 2893 Batavae
1244 2817 1669 2892 nobilissimo
1715 2819 2121 2894 testimonio
2149 2875 2170 2909 ,
2222 2821 2410 2915 quod
2450 2843 2566 2892 ru·

516 2917 650 2991 bro
683 2914 938 3009 lapidi,
986 2914 1109 2991 sed
1136 2917 1427 3014 antiquo
1460 2914 1536 2991 ὅτ
1558 2940 1646 2991 ex
1677 2917 2038 2992 ruderibus
2070 2917 2568 2994 vetustiffimae

514 3012 727 3087 Arcis
761 3013 1132 3088 Romanae
1165 3034 1387 3111 penes
1420 3036 1548 3087 nos
1572 3014 1823 3089 effosso
1841 3068 1869 3108 ‚
1917 3016 2216 3091 incisum
2255 3018 2563 3090 Batavo-

425 3170 430 3177 .
513 3133 672 3185 rum
702 3110 923 3186 habet
951 3132 1215 3187 nomen
1253 3131 1329 3188 ut
1355 3116 1673 3187 Fratrum
1705 3133 1915 3208 atque
1938 3117 2345 3190 Amicorum
2376 3114 2558 3211 Imp.

513 3210 729 3283 Rom.
789 3233 1245 3307 properamus
1289 3213 1377 3286 ad
1425 3213 1610 3287 aliud
1642 3210 2130 3309 spectaculum.
2236 3214 2443 3288 Haec
2485 3236 2563 3287 e·

511 3308 665 3383 nim
690 3311 969 3401 omnia,
1018 3333 1230 3406 quem
1256 3332 1401 3385 non
1431 3313 1796 3407 vulgarem
1840 3332 2069 3406 neque
2109 3310 2560 3387 festinantem

509 3409 872 3504 requirant
900 3409 1217 3499 oculum,
1269 3428 1669 3497 merentur,
1720 3411 1999 3483 uberius
2032 3411 2410 3507 aliquando
2443 3432 2555 3483 re-

509 3505 815 3597 censeri,
865 3503 943 3581 &
986 3508 1131 3582 aeri
1176 3506 1493 3604 exprefl'a
1538 3508 1761 3581 oculis
1792 3508 2244 3584 Eruditorum
2282 3507 2555 3604 subjici.

508 3603 616 3674 Ut
657 3606 893 3703 itaque
941 3606 1245 3704 primum
1284 3605 1525 3679 Aedes
1553 3603 1830 3702 ingreffi
1863 3604 2134 3696 sumus,
2185 3606 2556 3681 laetiffimo

502 3697 896 3794 spectaculo
934 3703 1219 3798 pascere
1278 3706 1523 3777 oculos
1566 3703 1800 3777 licuit:
1856 3705 2116 3801 ubique
2165 3706 2357 3779 enim
2410 3705 2554 3779 cla-

503 3797 914 3874 riffimorum
945 3803 1021 3876 in
1060 3802 1278 3876 literis
1309 3801 1621 3873 virorum
1664 3804 1897 3874 vultus
1935 3804 2442 3894 occurrebant,
2472 3806 2557 3876 il-

497 3890 688 3990 lique
717 3916 856 3969 non
884 3899 1039 3974 rudi
1061 3899 1393 3996 penicillo
1416 3896 1751 3995 expreffi,
1799 3902 1911 3973 vel
1949 3903 2036 3974 ab
2065 3902 2363 3995 ignobili
2403 3924 2555 3975 ma-

497 4010 597 4083 ‚nu
626 3992 970 4091 profeffl,
1016 3998 1141 4075 sed
1172 3998 1475 4075 maxima
1504 4019 1664 4095 pars
1696 4020 1740 4074 a
1766 3999 2220 4077 nobliliflimis
2259 3997 2554 4174 Pifitgri-

2469 4120 2552 4171 ua
