2870 4628
520 275 810 353 nr‘P·
852 272 1089 350 ΝΑ
1144 269 1518 347 Fri-AT
1564 271 1603 345 1
1649 269 1718 347 o
1766 271 1851 349 N
1894 274 1956 367 R
2006 276 2077 351 s.

247 434 468 537 Lugd.
501 441 834 513 Batavae
869 438 1278 510 inventum
1308 456 1583 530 quoque
1618 455 1658 505 a
1690 457 1803 507 me
1839 431 2039 510 suiss‘e
2069 440 2357 516 Brevia·

240 541 462 628 rium,
510 540 640 611 seu
666 555 753 609 ut
784 539 949 629 ipse
986 534 1293 608 videtur
1323 530 1630 606 maluiss'e
1658 536 2048 629 appellare,
2087 541 2354 630 Breve,

244 640 450 712 Sexti
467 636 650 709 Rufi
669 691 694 723 ‚
721 658 873 731 ,quo
909 632 1218 728 quidem
1250 631 1515 727 duplici
1544 634 1829 704 nomine
1857 631 2134 732 gavisus
2162 636 2355 729 sum,

239 740 548 831 primo,
593 733 800 826 quod
839 730 1181 805 viderem
1227 730 1685 824 praeteritum
1725 726 1863 804 effe
1903 731 1972 804 in
2010 733 2352 831 Catarogo

243 834 487 908 MSS.
533 831 760 918 dein,
808 830 1004 923 quod
1049 847 1349 924 propter
1395 824 1906 901 fimilitudinem
1950 834 2352 930 argumenti

247 930 597 1003 eundem
656 925 1049 1001 Auctorem
1118 925 1355 999 nostro
1414 925 1802 1022 adJ'ungere
1864 926 2346 1006 decreveram.

244 1028 548 1102 Varias
575 1047 667 1099 ex
701 1027 865 1098 MS.
901 1025 1030 1098 ino
1066 1023 1478 1112 Lectiones,
1526 1023 1654 1096 nifi
1693 1023 1973 1118 majoris
2003 1030 2350 1105 momenti
2463 1051 2466 1055 “

250 1125 707 1198 viderentur
722 1178 743 1211 ,
766 1124 1172 1197 Cellariauis
1202 1122 1496 1212 inserui,
1515 1119 1878 1218 ipsumque
1903 1125 2191 1199 Sextum
2228 1126 2350 1201 seu

248 1220 571 1298 Festum
610 1244 704 1295 ex
739 1221 989 1293 ultima
1023 1219 1303 1293 Cellarii
1342 1218 1659 1293 editione
1698 1220 2015 1294 exhibui.
2124 1226 2350 1299 Hear-

247 1322 433 1394 nius
461 1343 799 1414 quoque,
852 1337 1123 1415 praeter
1151 1317 1607 1411 Eutropium,
1652 1316 2122 1413 obsequentis
2149 1322 2352 1397 libel·

239 1420 412 1492 lum
466 1420 568 1491 de
602 1416 965 1511 Prodigiis
991 1471 1013 1502 ‚
1063 1412 1431 1488 Mess‘alam
1474 1415 1564 1489 de
1595 1416 1957 1515 Progenie
1995 1418 2289 1520 Augusti
2317 1472 2349 1511 ,

239 1516 324 1591 ἃ
363 1515 725 1591 Graeculi
757 1514 1128 1609 cujusdam
1162 1514 1574 1587 Orationem
1604 1514 1678 1587 in
1709 1515 1979 1589 obitum
2014 1518 2343 1595 Constan·
2450 1613 2465 1620 ·

243 1616 384 1689 tini
414 1615 757 1713 Junioris
790 1616 1240 1709 adjunxerat.
1307 1609 1722 1687 Posteriores
1753 1613 1926 1686 duos
1976 1612 2344 1711 (quamvis

239 1714 555 1789 Messala
574 1766 607 1804 ‚
663 1732 749 1785 ut
797 1709 1279 1806 supposititius
1309 1713 1635 1786 omnibus
1671 1727 1880 1785 notus
1916 1709 2045 1813 fit)
2094 1716 2346 1790 itidem

236 1812 537 1899 addidi,
589 1836 695 1886 ne
736 1810 919 1907 quid
970 1809 1239 1882 scilicet
1291 1806 1524 1882 deess'e
1581 1809 1827 1904 aliquis
1880 1832 2342 1905 quereretur,

237 1932 421 1982 nam
439 1908 1005 2005 Obsequentem
1034 1904 1191 2001 post
1224 1904 1658 1987 noviffimam
1680 1906 1919 1983 Amici
1946 1911 2339 1989 editionem

234 2009 644 2085 recensere
675 2030 857 2110 opus
891 2028 1037 2080 non
1069 2022 1265 2101 erat,
1309 2001 1451 2081 ἃς.
