2870 4628
973 273 2234 351 PRAEFATIO.

577 454 666 553 de
705 457 1116 547 Regnorum
1177 447 1615 522 Succeffione
1648 502 1671 538 ,
1745 448 2013 525 Rufum
2060 474 2281 547 aeque
2332 452 2641 547 sequutus

577 553 722 643 est,
775 572 981 647 atque
1019 548 1426 641 Eutropium
1470 566 1638 619 ante
1668 547 2176 644 Hieronymus.
2283 551 2449 624 Post
2476 556 2629 625 haec

577 650 650 725 in
695 652 996 722 tenebris
1019 645 1240 739 jacuit
1260 647 1511 717 Sextus
1546 645 1812 734 noster,
1840 646 1915 720 ἃ
1948 646 1997 718 fi
2028 649 2319 742 quando
2349 651 2626 745 prodiit,

581 750 686 823 ita
723 768 956 819 tamen
1005 743 1346 836 squalidus
1395 742 1527 814 fuit
1576 744 2139 840 depravatusque
2172 803 2196 834 ‚
2278 767 2362 819 ut
2412 770 2621 843 parum

581 847 994 942 probaretur
1020 841 1312 914 eruditis
1347 841 1674 936 ingeniis.
1778 841 2103 917 Tandem
2130 844 2226 917 de
2262 847 2422 940 ipso
2448 844 2620 917 meri·

587 964 699 1014 tus
737 939 840 1012 est
863 938 986 1032 Jo.
1023 936 1496 1034 Cuspinianus,
1532 939 1699 1010 dum
1727 940 2049 1014 codicum
2084 945 2472 1017 collatione
2500 964 2623 1016 cor·

579 1039 806 1125 rexit,
833 1036 1198 1133 doctisque
1221 1034 1520 1110 Scholiis
1551 1035 1939 1111 illustravit.
2000 1041 2079 1112 N
2084 1064 2173 1115 ec
2210 1043 2477 1116 minora
2502 1042 2618 1112 Ru-

584 1137 696 1212 fus
718 1139 1058 1232 Sylburgio
1093 1136 1303 1209 debet
1327 1191 1348 1221 ,
1375 1138 1493 1230 qui
1528 1136 1645 1209 suo
1684 1135 1924 1209 illustri
1948 1140 2192 1232 operi,
2246 1140 2433 1236 quod
2458 1139 2616 1211 Rom.
2705 1144 2713 1149 '

577 1233 920 1333 Historiae
981 1239 1256 1306 minores
1285 1231 1646 1330 scriptores
1698 1235 2019 1308 continet
2048 1292 2074 1326 ,
2138 1238 2335 1312 hunc
2382 1258 2623 1334 quoque

587 1337 886 1408 Sextum
930 1329 1258 1405 interess‘e
1299 1334 1573 1422 voluit,
1625 1331 1741 1405 sed
1772 1333 2003 1406 denuo
2036 1333 2443 1433 castigatum
2470 1393 2489 1423 ‚
2532 1357 2631 1408 ac·

527 1450 534 1463 ‘
583 1433 1033 1527 curatiusque
1061 1430 1483 1525 perpolitum
1506 1485 1527 1517 ,
1565 1431 1785 1518 aden,
1828 1451 1907 1503 ut
1940 1432 2253 1505 Gruterus
2282 1434 2457 1507 nihil
2492 1456 2629 1504 mu-

591 1550 814 1603 tatum
855 1584 876 1615 ,
941 1530 1124 1624 quod
1179 1550 1268 1602 ex
1311 1529 1687 1602 collatione
1745 1530 2187 1603 observamus
2222 1586 2244 1619 ,
2310 1527 2629 1625 Augustae

583 1628 927 1726 Historiae
955 1623 1383 1723 scriptoribus
1420 1683 1442 1715 ,
1524 1650 1698 1722 quos
1753 1650 1896 1700 uno
1959 1629 2305 1703 volumine
2370 1630 2625 1716 edidit,

593 1727 789 1801 hunc
838 1749 1116 1822 quoque
1160 1725 1577 1819 adjunxerit.
1679 1726 1921 1821 Belgae
1962 1730 2219 1817 etiam,
2278 1744 2355 1799 ut
2380 1726 2627 1811 solent,

585 1849 737 1900 non
791 1825 1118 1913 exiguam
1160 1846 1453 1917 operam
1508 1824 1579 1895 in
1626 1820 1824 1896 Rufo
1876 1824 2341 1901 emaculando
2372 1829 2625 1899 locave-

593 1940 781 1996 runt.
962 1923 1160 1994 uibus
1187 1922 1513 1995 omnibus
1544 1919 1634 1993 fic
1686 1920 1779 1995 ufi
1812 1922 2087 2013 sumuS,
2140 1945 2217 1998 ut
2258 1948 2383 2018 per
2428 1920 2625 2018 Cuspi·

581 2027 870 2095 mianum
1032 2021 1447 2115 Sylhurgium
1482 2019 1821 2113 imprimis
1860 2045 1991 2095 nos
2033 2021 2409 2117 profeciffe
2432 2021 2629 2094 fatea-

593 2143 780 2193 mur.
849 2119 1086 2192 Notas
1121 2119 1583 2207 subdidimuS,
1642 2136 1721 2191 ut
1770 2119 2119 2195 suecia&
2162 2123 2463 2195 brevitas
2504 2120 2633 2192 illu·

595 2217 970 2304 straretur,
1018 2215 1066 2287 fi
1105 2215 1596 2290 obscuritatem
1634 2219 1984 2291 attulerit:
2039 2219 2252 2292 etiam
2288 2222 2461 2293 ratio
2496 2215 2637 2290 red·

601 2319 886 2389 deretur
928 2313 1243 2388 lectionis
1274 2371 1294 2402 ‚
1362 2340 1571 2412 quam
1610 2339 1703 2389 ex
1744 2319 2053 2412 pluribus
2109 2318 2334 2391 sumus
2370 2316 2638 2391 imitati.

595 2412 965 2488 Seaiones
1001 2413 1116 2488 seu
1160 2416 1438 2509 Capita,
1486 2415 1561 2487 in
1604 2416 1920 2512 margine
1960 2415 2349 2508 adscripta,
2391 2438 2431 2486 a
2464 2414 2638 2486 Grn-

597 2533 764 2585 tero
820 2514 1246 2606 accepimus.
1362 2516 1537 2585 Sunt
1596 2537 1820 2602 vem,
1892 2517 2012 2610 qui
2056 2513 2246 2586 Rufo
2301 2511 2642 2586 concisam

599 2612 1030 2686 brevitatem
1062 2610 1451 2705 objiciunt,
1484 2609 1560 2683 δι
1584 2611 2009 2685 Historicam
2046 2615 2431 2686 ubertatem
2455 2613 2524 2685 in
2561 2632 2641 2683 eo

599 2708 995 2782 desiderant
1029 2763 1053 2801 ,
1121 2731 1258 2781 nec
1299 2710 1592 2804 dignum
1634 2709 1939 2799 habent,
1987 2715 2119 2807 qui·
2146 2711 2515 2784 Historicis
2545 2732 2647 2782 ac·

603 2808 989 2880 censeatur.
1082 2807 1226 2879 Sed
1249 2806 1433 2894 est0,
1476 2809 1821 2881 brevitate
1850 2811 2061 2888 artari
2100 2808 2286 2907 (hoc
2318 2811 2505 2883 enim
2536 2802 2646 2901 ipsi

606 2904 1038 3000 propositum
1081 2904 1311 3002 fuit:)
1363 2929 1471 2979 res
1510 2907 1761 2979 multas
1792 2927 2028 2980 tamen
2061 2906 2139 2980 <Sc
2176 2931 2469 3005 magnas
2505 2909 2645 2978 bre-

603 3005 810 3076 vibus
845 3006 1082 3076 verbis
1121 3004 1527 3097 complexus
1576 3004 1715 3078 est:
1776 3004 1892 3078 fac
1929 3007 2185 3093 etiam,
2239 3006 2648 3081 Historicum

603 3123 762 3174 non
803 3098 994 3187 effe3
1061 3100 1164 3174 est
1219 3121 1454 3175 tamen
1506 3104 1884 3176 calculator
1942 3103 2409 3178 Historiarum
2452 3155 2477 3191 ,
2542 3102 2651 3196 qui

608 3221 776 3270 aere
805 3198 1112 3270 breviori
1143 3204 1212 3271 in
1247 3205 1576 3273 summam
1605 3203 1890 3299 collegit
1912 3258 1934 3286 ,
1956 3226 2135 3296 quae
2163 3204 2280 3277 alii
2318 3201 2649 3276 verbosius

610 3295 688 3368 δε
726 3321 850 3393 per
902 3299 1232 3390 ambages
1269 3322 1786 3373 enarraverunt.
1890 3301 2075 3402 Quid
2108 3304 2381 3374 multa?
2424 3302 2652 3374 Omni·

610 3398 781 3484 buS,
845 3396 967 3491 qui
1008 3396 1309 3469 nostrum
1361 3420 1655 3493 carpunt
1684 3454 1708 3486 ,
1773 3400 2338 3494 incomparabilis
2377 3401 2650 3494 Scaliger

609 3495 881 3588 opponi
927 3495 1176 3582 debet,
1227 3495 1345 3588 qui
1394 3496 1462 3568 in
1494 3498 1894 3571 Eusefflanis
1927 3500 2143 3570 Notis
2190 3519 2459 3571 tantum
2501 3501 2648 3571 Sex.

607 3592 813 3665 Rufo
857 3593 1145 3677 tribuit,
1195 3614 1529 3684 quantum
1578 3597 1696 3667 vix
1732 3596 1846 3667 ulli
1886 3595 2419 3669 Historicorum.
2517 3597 2649 3669 Hic

613 3695 815 3763 nobis
846 3689 944 3764 est
975 3689 1184 3761 instar
1214 3692 1608 3784 amplissimi
1648 3696 1946 3780 theatri,
1996 3719 2209 3787 quum
2240 3719 2409 3769 vere
2444 3717 2652 3789 repre·

613 3787 831 3859 hendi
881 3809 1218 3883 nequeat,
1269 3811 1476 3882 quem
1524 3792 1816 3888 Scaliger
1850 3793 2271 3869 laudandum
2302 3796 2533 3883 duxit,
2574 3788 2648 3861 ὅι

609 3883 761 3978 ipse
787 3887 992 3980 saepe
1021 3886 1349 3963 laudavit.

2388 4071 2514 4145 .¹D.
2550 4066 2662 4142 N.
