2870 4628
953 199 2201 300 DtntcATroNEs

547 395 782 455 turam
799 374 1237 461 Domitiani,
1256 376 1380 450 ubi
1414 374 1590 450 haec
1633 392 1915 450 exarata
1935 371 2176 448 inveni
2202 399 2221 449 ε
2253 373 2604 471 Eutropii,

545 479 700 553 Vm·
739 472 1089 574 Clarifflmi
1125 471 1567 572 Historiarum
1599 475 1675 548 de
1713 468 2247 569 praeclarifflmis
2276 472 2598 548 Romano-

542 601 689 652 rum
725 572 972 673 gestis,
1030 627 1049 647 .
1072 625 1130 647 ..
1154 628 1172 645 .
1203 574 1490 669 idemque
1536 574 1841 660 ultimus,
1892 595 2033 645 cum
2061 571 2192 644 Dei
2225 572 2406 645 laude
2420 571 2596 668 seli·

541 679 714 750 citer
742 675 1036 770 explicit.
1086 672 1395 767 Inceptus
1427 688 1676 745 xxr10.
1730 673 1922 767 Maji
1943 728 1963 755 ,
2008 672 2302 766 expletus
2311 669 2466 766 fuit
2492 676 2599 746 die

545 775 776 847 ultimo
822 774 1107 867 eJ‘usdem
1149 767 1417 865 mensis,
1465 774 1536 844 in
1557 766 2067 868 praeclartffima
2107 773 2260 843 urbe
2287 770 2596 844 Venetia·

543 897 715 946 rum.
819 868 1166 975 Quamvis
1206 892 1377 943 vero
1412 870 1517 944 ibi
1554 891 1777 943 annus
1804 891 1944 942 non
1980 869 2454 960 adscribatur,
2493 871 2600 960 in*-

547 970 724 1045 veni
787 990 1027 1044 tamen
1093 968 1278 1042 inter
1346 966 1579 1043 Orofii
1651 989 1986 1061 excerpta
2040 967 2299 1041 alicubi
2346 969 2601 1043 adscri-

546 1087 752 1166 ptum
788 1091 1049 1142 annum
1076 1073 1285 1158 1464.
1305 1067 1551 1141 eadem
1576 1088 1753 1141 vero
1773 1087 1982 1142 manu
2011 1066 2252 1139 omnia
2277 1089 2437 1139 cum
2464 1065 2598 1141 fint

542 1165 855 1264 scripta,
901 1162 1357 1243 vetustiorem
1396 1165 1482 1241 iis
1522 1184 1831 1240 aetatem
1871 1163 2271 1262 adjudicare
2315 1189 2459 1240 non
2511 1165 2592 1240 li-

548 1286 692 1342 cet.

643 1363 752 1439 Ex
797 1363 1198 1460 praecipuis
1240 1380 1478 1439 autem
1525 1360 1643 1459 qui
1695 1378 1862 1437 ante
1901 1385 2029 1437 nos
2071 1361 2485 1457 Eutropium
2523 1361 2598 1434 in

545 1463 782 1538 lucem
828 1461 1211 1550 dederunt,
1259 1460 1791 1551 Schonhovius,
1838 1461 2150 1535 Vinetus
2192 1458 2267 1534 ἃ
2313 1460 2601 1554 Sylbur·
2646 1494 2651 1500 ·

603 1563 709 1634 ius
758 1559 969 1634 MSS.
1038 1560 1575 1648 consuluerunt,
1645 1559 2086 1650 Glareanus,
2146 1560 2354 1631 Fabri
2393 1561 2604 1633 Pater

662 1657 882 1748 Filia,
933 1658 1405 1756 Cellariusque
1445 1658 1738 1755 ingenio
1772 1676 2045 1732 tanturn
2080 1653 2177 1730 ufi
2206 1655 2383 1729 sunt.
2488 1658 2605 1728 In·

550 1774 667 1832 ter
691 1779 869 1852 quos
898 1758 1161 1848 miror,
1211 1754 1568 1856 quomodo
1605 1757 1812 1831 Fabri
1845 1756 2019 1829 Filia
2051 1755 2262 1828 Anna
2301 1753 2606 1828 scribere

551 1854 627 1931 in
670 1852 1124 1929 Praefatione
1169 1855 1285 1930 sua
1341 1854 1702 1950 potuerit:
1768 1859 1838 1927 in
1882 1855 2193 1947 Eutropio
2244 1876 2396 1925 vero
2459 1855 2604 1924 nut-

550 1955 687 2027 lum
721 1955 885 2025 mihi
919 1956 1238 2030 auxilium
1255 1952 1451 2052 fuit:
1501 1976 1681 2026 nemo
1707 1957 1877 2026 enim
1919 1956 1990 2026 in
2018 1953 2185 2024 hunc
2214 1951 2608 2046 Scriptorum

549 2053 801 2148 aliquid
840 2056 1186 2127 exaravit.
1235 2055 1396 2148 quod
1435 2053 1595 2126 mihi
1638 2053 1857 2125 videre
1887 2053 2260 2145 contigerit.
2363 2048 2607 2147 Quum

549 2174 698 2230 non
745 2169 1017 2225 tanturn
1065 2152 1346 2228 Cellarii
1389 2150 1634 2225 Editio
1682 2150 2119 2246 aliquantum
2165 2145 2608 2244 praecesserit

549 2249 747 2327 illam
783 2251 1033 2325 Annae
1076 2250 1485 2329 Editionem
1508 2300 1536 2341 ,
1588 2270 1835 2323 verum
1891 2246 2141 2321 doetus
2175 2247 2294 2321 ine
2345 2245 2608 2321 Vineti

549 2350 754 2425 labor
794 2349 870 2423 in
915 2348 1076 2446 ipfis
1107 2352 1453 2446 prodierit
1496 2348 1786 2444 Galliis,
1839 2344 1917 2421 ἃ
1957 2348 2206 2421 Notae
2240 2344 2402 2418 dein
2448 2345 2607 2438 plus

551 2447 767 2523 semel
811 2446 942 2522 fint
984 2450 1335 2542 repetitae
1381 2451 1455 2523 in
1499 2446 1634 2520 illis
1679 2445 2169 2535 EditionibuS,
2216 2466 2395 2541 quae
2439 2465 2606 2517 cum

552 2547 874 2641 ejusdem
931 2543 1008 2620 &
1052 2545 1420 2620 dofflffimi
1467 2544 1794 2617 Glareani
1839 2543 2380 2618 Commentariis
2438 2565 2604 2636 pro·

547 2644 867 2719 dierunt.·
962 2645 1239 2718 Verum
1284 2643 1492 2717 detur
1539 2641 1678 2715 hoc
1720 2640 2218 2716 eruditissimae
2251 2638 2609 2730 feminae,

439 2816 446 2821 ,
552 2764 737 2837 quae
773 2763 915 2814 non
956 2741 1173 2813 modo
1223 2742 1580 2816 literarum
1621 2762 1859 2813 amore
1907 2764 2150 2815 omnes
2203 2739 2304 2813 sui
2347 2741 2599 2814 saecuH

553 2839 891 2914 tnuiieres
924 2840 1330 2934 praeteriit,
1369 2861 1629 2913 verum
1668 2839 1904 2912 multis
1940 2842 2158 2915 etiam
2186 2835 2413 2912 <loeus
2439 2839 2611 2913 viris

554 2937 944 3036 praeluxit,
992 2937 1281 3012 unicum
1327 2959 1527 3015 certe
1575 2938 1930 3013 muliebris
1975 2940 2172 3011 sexus
2224 2939 2297 3010 in
2345 2936 2607 3011 Literis

555 3036 1114 3111 Humanioribus
1147 3038 1388 3113 vocari
1417 3057 1724 3112 meretur
1740 3037 2162 3133 exemplum.
2216 3034 2445 3110 Prima
2470 3038 2606 3113 ita·

557 3157 695 3231 que
716 3135 857 3208 laus
872 3134 1330 3209 Schonhovio
1351 3137 1651 3210 debetur
1666 3192 1687 3227 ,
1718 3138 1841 3233 qui
1875 3159 1916 3209 a
1936 3138 2414 3232 purgamentis
2433 3139 2606 3210 Dia-

558 3233 729 3308 coni
759 3256 1012 3331 purum
1032 3233 1231 3308 dedit
1248 3235 1665 3327 Eutropium
1685 3260 1707 3325 3
1731 3234 2033 3310 secunda
2051 3234 2326 3307 Vineto
2343 3288 2365 3322 ,
2381 3238 2497 3329 qui
2517 3258 2609 3309 ex

558 3332 827 3407 Codice
844 3333 1005 3406 MS.
1028 3331 1273 3430 infigni
1296 3387 1317 3422 ,
1338 3334 1521 3408 haud
1539 3334 1782 3430 paucis
1809 3334 1984 3407 locis
2012 3334 2370 3407 meliorem
2393 3334 2604 3420 fecit;

558 3431 845 3506 tertiam
868 3432 1169 3527 palmam
1195 3455 1407 3506 nemo
1433 3434 1810 3527 praeripiet
1844 3433 2194 3506 Glareano
2211 3486 2232 3519 ,
2281 3434 2481 3528 cujus
2508 3430 2609 3505 sa·

559 3551 653 3603 ne
691 3527 1059 3604 doffiffimi
1104 3531 1262 3604 sunt
1288 3532 1840 3619 commentarii,
1894 3550 2104 3626 atque
2136 3553 2392 3626 magno
2418 3530 2608 3627 judi·

559 3627 676 3701 cio
703 3650 793 3701 ex
819 3630 1012 3703 omni
1044 3627 1508 3703 Historiarum
1539 3652 1726 3724 penu
1753 3628 2145 3723 depromti:
2197 3629 2407 3702 Anna
2427 3681 2451 3719 ,
2501 3630 2608 3702 in·

557 3724 1003 3820 geniofissimi
1047 3728 1450 3824 Tanaquilli
1495 3728 1708 3802 Fabri
1740 3725 2194 3801 eruditiffima
2237 3730 2508 3821 proles,
2556 3725 2609 3801 fi

563 3825 986 3897 Glareanum
1015 3848 1156 3898 non
1189 3826 1648 3917 haberemus,
1700 3826 2025 3899 maximis
2062 3825 2333 3899 meritis
2356 3825 2609 3901 devin-

558 3920 748 3999 &um
777 3919 905 3998 fibi
932 3923 1225 4002 haberet
1248 3925 1665 4023 Eutropium
1689 3949 1713 4017 3
1738 3925 1874 4003 Sed
1894 3947 2122 4024 neque
2148 3947 2339 4001 nunc
2360 3926 2616 4025 poeni·

2462 4041 2622 4099 ten·
