2870 4628
13 0 794 97 fimeto-fi..

14 104 21 197 i

14 3951 31 4224 1

13 4441 81 4597 k

600 301 677 386 1·
788 293 1870 385 RAEFATIO.
2159 294 2317 393 mr

232 469 489 558 vidimus
511 530 541 573 ,
583 469 741 579 Sp.
804 461 1187 576 Caffium
1224 461 1488 547 diserte
1515 460 1870 575 exhibet)
1907 461 2069 561 =hot:
2101 471 2313 559 enirn

233 612 349 671 non
376 585 617 666 aliam
662 577 797 663 ob
841 574 1203 661 caussam
1242 571 1573 677 factum,
1614 602 1837 683 quam
1878 578 2086 683 quod
2126 580 2317 669 nihil

238 693 718 782 memor-abne
780 684 1215 803 gesserint,
1267 704 1401 771 aut
1455 688 1552 771 ab
1594 686 2067 793 ειυᾶοτίὺιιε,
2124 718 2319 802 quos

236 810 567 918 sequutus
609 800 781 905 est,
833 798 1026 909 ipsis
1070 798 1317 884 omissi
1342 796 1665 902 fuerint,
1691 799 1901 886 unde
1932 829 2322 891 nonnum.

234 949 453 1031 quam
507 917 725 1027 ipsos
763 915 1156 1001 Consules
1199 908 1492 997 filentio
1556 916 2135 1021 praetermittit,
2187 919 2321 1026 qui

243 1056 491 1118 tamen
549 1057 667 1113 ex
710 1028 883 1111 aliis
919 1024 1013 1111 &
1047 1022 1284 1112 Fastis
1316 1027 1506 1110 noti.
1553 1024 2200 1134 quemadmodum
2236 1032 2323 1119 in

258 1141 797 1232 metatoribus
825 1133 1350 1243 roeensendie,
1409 1163 1605 1245 quos
1643 1162 1920 1222 omnes
1958 1142 2037 1223 in
2077 1168 2324 1230 unum

261 1255 615 1369 conlegi,
672 1251 763 1336 δε
807 1249 1151 1363 singulos
1192 1277 1367 1335 cnm
1402 1247 1714 1361 singulis
1755 1254 1896 1336 suis
1936 1253 2324 1363 Magistrie

268 1373 608 1479 equitum
668 1367 755 1449 in
812 1366 937 1449 sua
996 1384 1346 1471 tempora
1399 1360 1666 1476 digeffi
1702 1423 1730 1468 ‚
1802 1363 1944 1449 hos
1995 1393 2042 1450 a
2098 1366 2323 1453 Livio

271 1479 567 1566 omiss'os
612 1477 963 1586 equitum
1002 1474 1423 1586 Magistros
1458 1475 1765 1560 aliunde
1805 1478 1989 1562 erui.
2067 1481 2323 1569 Semel

274 1614 513 1680 tamen
552 1587 884 1691 accidit,
945 1608 1032 1674 ut
1081 1586 1440 1673 Dietator
1479 1587 1932 1701 Magistrum
1976 1594 2324 1700 equitum

271 1734 421 1791 non
488 1704 893 1804 habuerit,
949 1726 1229 1808 nempe
1283 1701 1593 1804 Bute0‚
1647 1727 1930 1810 quern,
1985 1707 2160 1812 quia
2213 1706 2322 1791 ob

271 1815 699 1904 inusitatam
735 1811 1063 1899 caussam
1100 1833 1393 1898 creatus
1427 1824 1969 1918 erat‚Senatus
2002 1820 2323 1926 explen-

270 1931 352 2013 di
393 1934 686 2041 gratia,
739 1926 826 2010 δι
863 1930 1041 2037 quia
1078 1928 1265 2010 alter
1309 1926 1664 2011 Dietator
1701 1928 1782 2011 in
1828 1928 2026 2014 bello
2062 1934 2323 2017 absens

276 2042 498 2126 suum
564 2040 880 2124 habebat
939 2040 1077 2124 Ma
1147 2036 1395 2123 istrum
1473 2039 1812 2147 equiturn
1899 2061 2126 2149 atque
2210 2047 2316 2130 ita

270 2150 718 2238 inauditum
776 2150 944 2260 quid
976 2211 1007 2255 ‚
1082 2064 1277 2235 {uos
1338 2149 1558 2236 simul
1618 2151 2052 2237 Distatores
2111 2153 2256 2238 effe
2290 2212 2325 2262 ,

268 2264 638 2377 Magistri
706 2264 1038 2373 equitum
1118 2290 1285 2350 non
1359 2261 1709 2377 indigere
1785 2265 2319 2372 opinabantur.

269 2377 526 2485 Quod
567 2376 1144 2485 quodammodo
1188 2403 1500 2482 verum,
1557 2376 1690 2460 etsi
1737 2378 1816 2460 se
1870 2378 2018 2486 ipse
2058 2380 2326 2465 Dicta.

265 2510 524 2575 torem
566 2488 721 2576 fine
754 2517 854 2575 eo
888 2515 1053 2575 non
1090 2490 1490 2598 probavit,
1526 2489 1611 2573 δι
1637 2487 1883 2573 statim
1924 2489 2320 2578 abdicavit.

268 2605 431 2689 Sed
470 2604 759 2689 Caesari
817 2603 971 2688 hoc
1029 2600 1278 2688 forsan
1324 2604 1762 2713 exemplum
1800 2605 2114 2712 sequuto
2175 2609 2323 2694 alia

275 2716 650 2822 q'uaedam
707 2716 1016 2801 evenire
1065 2713 1519 2824 potuissent,
1575 2713 1676 2799 ad
1734 2741 1928 2825 qnae
1981 2721 2323 2831 gerenda.

279 2828 629 2942 Magistri
678 2828 1014 2935 equitum
1053 2854 1286 2934 opera
1324 2828 1668 2940 indigere
1709 2854 1885 2913 nonv
1919 2853 2319 2938 potuerat:

283 2965 485 3024 certe
541 2944 620 3023 in
676 2942 943 3025 ceteris
1005 2939 1420 3025 Difitaturis
1460 2999 1487 3043 ,
1544 2968 1997 3050 quamquam
2054 2948 2326 3032 omnia

287 3053 629 3137 adversus
670 3056 875 3166 leges
914 3050 1163 3153 faeta,
1225 3052 1640 3165 Magistros
1683 3073 1940 3139 tamen
1979 3059 2327 3167 equitum

285 3161 424 3247 fibi
466 3167 602 3274 ipse
642 3165 857 3250 dixit.
933 3168 1124 3270 Quo
1177 3186 1430 3250 autem
1473 3163 1762 3269 mod0‚
1801 3188 1932 3252 aut
1968 3198 2012 3253 a
2052 3172 2327 3280 quibus

285 3275 637 3388 deinceps
688 3276 934 3362 dietus
994 3273 1133 3378 fit,
1191 3305 1565 3389 nusquam
1619 3281 1858 3393 leg03
1914 3280 2050 3367 nisi
2110 3283 2326 3392 quod

290 3408 501 3475 extra
538 3394 817 3480 ltaliam
852 3386 1259 3476 secundum
1296 3391 1653 3477 Didtator
1703 3394 1950 3477 dietus
2008 3390 2096 3478 sit
2130 3420 2324 3480 con..

296 3519 410 3585 tra
444 3504 673 3618 legem
695 3566 721 3607 ‚
751 3501 981 3612 idque
1016 3505 1097 3584 in
1136 3531 1423 3588 annum
1451 3506 1677 3589 etiarn
1714 3524 1987 3591 contra
2023 3509 2325 3618 legem,

292 3613 489 3699 unde
539 3624 907 3730 Augures
954 3615 1154 3702 hanc
1214 3616 1696 3704 Dietaturam
1759 3618 1923 3701 vitii
2001 3645 2326 3733 arguere

282 3729 541 3831 veriti,
593 3727 936 3817 Antonii
976 3728 1506 3841 Magisterium
1559 3733 1754 3815 ultra
1801 3747 2102 3837 tempus
2139 3760 2327 3844 pro-

264 3863 617 3953 rogatum
658 3840 1165 3943 accusabant,
1212 3841 1336 3928 sed
1372 3845 1563 3931 nihil
1600 3841 1806 3929 aliud
1842 3840 2328 3954 efficiebant.

227 3980 494 4078 ‚quam
530 3977 611 4051 ut
645 3957 913 4070 multo
951 3954 1097 4078 risu
1146 3956 1695 4066 exciperentur.
1755 3953 1855 4074 sse
1909 3960 1995 4050 in
2046 3957 2329 4048 decen.

1222 4072 1603 4192 ΠΠ3
2112 4073 2331 4185 nium.
