2870 4628
457 293 569 351 ιτ
669 270 2026 351 PRAEFATIONES.

182 432 337 502 'mus
361 426 429 501 id
458 450 689 523 opus,
734 443 832 499 ut
878 447 1112 499 nunc
1152 425 1456 522 primum
1486 424 1759 499 editum
1803 426 2025 501 videri
2075 429 2306 525 poffit.

291 527 360 599 Si
384 529 766 623 quisquam
801 521 927 597 est
955 543 1223 597 autern
1257 547 1347 598 ex
1377 525 1768 621 elegantiae
1795 523 2145 618 studiosis,
2184 531 2303 606 cui

224 623 437 698 titulus
465 648 515 699 a.
546 625 772 699 nobis
802 619 1187 721 repositus
1206 672 1235 710 ,
1288 621 1579 696 insolens
1609 641 1820 719 atque
1849 625 2030 697 adeo
2057 626 2305 701 barba·

228 746 324 795 rus
342 777 367 813 ,
417 743 721 818 propter
742 721 1143 818 vulgarem
1172 720 1516 794 Breviarii
1547 718 2128 819 significationem
2158 724 2299 801 effe

227 821 591 895 videatur:
647 820 713 894 is
755 820 978 909 sciat,
1032 818 1371 911 scriptum
1408 819 1695 907 librum,
1765 820 1961 916 cujus
1995 822 2301 920 antiqui-

221 919 485 1016 quitati
532 921 652 993 vel
691 920 830 991 hoc
885 918 1059 992 loco
1113 918 1486 1010 plurimum
1539 918 1902 992 tribuimus
1937 975 1960 1006 ,
2033 922 2131 994 ita
2175 924 2297 995 ha·

222 1016 451 1091 buiffe
469 1070 501 1107 ,
546 1039 695 1091 nec
718 1015 855 1091 ess‘e
880 1039 1011 1091 cur
1046 1015 1438 1111 rejiciamus
1458 1068 1484 1105 ,
1535 1015 1895 1113 postquam
1924 1019 2183 1092 Plinius
2216 1018 2295 1095 ὅτ.

232 1116 619 1189 Suetonius
646 1116 1074 1189 breviarium
1109 1137 1239 1208 pro
1268 1116 1822 1203 commentariO,
1872 1113 1948 1188 δι
1987 1136 2063 1189 ut
2102 1140 2294 1193 nunc

232 1214 452 1310 vulgo
492 1213 817 1303 dicitur,
872 1213 1201 1305 epitome
1232 1267 1253 1301 ,
1318 1213 1555 1287 multis
1606 1213 1782 1286 loeis
1835 1215 2290 1312 usurparunt:

240 1312 560 1406 quamvis
614 1313 874 1386 scribat
910 1313 1178 1385 Seneca
1221 1312 1290 1384 in
1339 1334 1422 1384 ea
1457 1308 1747 1405 epistola
1795 1334 1973 1407 quae
2019 1318 2291 1389 inarum

238 1408 787 1507 trigesimanona
814 1408 1248 1498 inscribitur,
1285 1408 1409 1483 suo
1440 1428 1755 1505 tempore
1784 1412 1999 1506 vulgo
2015 1412 2296 1485 Brevia-

245 1511 398 1581 rium
441 1508 594 1583 dici
637 1527 1013 1604 coeptum,
1060 1505 1251 1604 quod
1290 1527 1499 1597 ante,
1550 1531 1710 1580 cum
1757 1509 2011 1583 Latine
2047 1512 2288 1607 loque·

247 1626 471 1680 rentur·
496 1609 821 1682 Romani
841 1661 864 1697 ,
914 1608 1353 1681 Samarium
1380 1610 1794 1680 vocabatur.

328 1707 441 1780 De
486 1706 799 1779 authore
850 1704 1072 1778 solum
1114 1705 1254 1780 hoc
1293 1705 1801 1801 comperimus,
1851 1707 2286 1784 Breviarium

244 1801 373 1877 hoc
419 1827 657 1878 rerum
694 1805 1189 1878 Romanarum
1225 1802 1317 1876 ad
1356 1804 1675 1877 Flavium
1721 1804 2103 1879 Valentem
2139 1810 2284 1901 Au-

240 1901 507 1997 gustum
546 1901 1023 1998 conscripfiss‘e
1048 1938 1094 1993 ,·
1137 1903 1255 2000 qui
1295 1925 1458 1975 cum
1501 1901 2011 1977 Valentiniano
2063 1902 2280 1979 fratre

237 1999 589 2093 imperare
619 2006 852 2097 coepit
870 2054 896 2090 ,
944 2019 1024 2073 ut
1051 2019 1256 2096 putet
1279 2001 1788 2097 Hieronymus,
1843 2004 2057 2078 Anno
2084 2000 2281 2078 Cliti·

240 2093 335 2170 sti
375 2118 731 2171 cchxvn.
791 2101 864 2172 in
906 2098 1104 2195 cujus
1147 2100 1484 2174 Breviarii
1531 2101 1712 2171 libro
1760 2100 2008 2172 ultimo
2050 2103 2285 2175 obiter

238 2194 391 2269 hoc
420 2193 516 2271 de
539 2193 614 2269 se
637 2196 868 2295 attigit
879 2196 1243 2291 ,militafl'e
1274 2196 1394 2270 sub
1412 2197 1694 2293 Juliano
1711 2195 2031 2291 Augusto
2054 2252 2075 2284 ,
2100 2200 2281 2294 ejus·

230 2317 377 2467 3:ae
409 2295 487 2368 in
520 2294 758 2370 Persas
789 2295 1227 2393 expeditioni
1255 2292 1668 2384 interfuiss'e.
1761 2293 1972 2394 Quod
2009 2294 2055 2367 si
2087 2320 2286 2390 prae-

297 2392 545 2483 ‘tiss'et‚
576 2397 853 2489 quaein
891 2414 1215 2469 extremo
1247 2396 1502 2469 eodem
1542 2395 1724 2467 libro
1757 2394 2041 2467 decimo
2080 2394 2282 2486 polli-

229 2511 476 2582 cetur,
495 2493 642 2566 illic
670 2491 961 2568 fortass'e
984 2494 1182 2587 plura
1214 2493 1303 2567 de
1334 2496 1403 2568 se
1434 2493 1818 2568 memoriae
1847 2489 2278 2586 prodidiss'et.

235 2590 698 2666 Christianum
738 2591 901 2664 funt
943 2593 1061 2687 qui
1095 2590 1294 2665 fuisse
1331 2591 1722 2688 conjiciant
1763 2612 1853 2662 ex
1903 2589 2009 2663 his
2041 2588 2132 2663 de
2163 2616 2280 2666 eo-

232 2687 387 2763 dem
425 2690 754 2785 Juliano:
804 2693 1070 2764 Nimius
1095 2693 1427 2785 religionis
1475 2686 1873 2786 Christianae
1901 2685 2278 2785 infitiator,

228 2791 487 2880 perinde
515 2806 743 2864 tamen
771 2804 845 2862 ut
872 2813 1090 2862 cruore
1119 2786 1497 2886 abstineret.
1539 2786 2091 2884 scripseruntque
2127 2792 2278 2884 qui·

236 2884 397 2960 dam
426 2908 693 2982 nuper,
740 2888 934 2984 quod
970 2888 1355 2974 monachus
1387 2886 1599 2962 fuerit
1620 2938 1646 2975 ,
1684 2883 1759 2959 <Sc
1787 2889 1880 2960 D.
1905 2887 2276 2983 Augustini

234 2981 647 3081 discipulus:
696 2987 813 3060 sed
842 3008 984 3062 non
1010 3008 1153 3083 ego
1180 2985 1498 3060 credulus
1527 2986 1700 3072 illis,
1751 2984 1869 3081 qui
1903 2986 2073 3057 nihil
2107 3009 2273 3080 pro·

232 3083 427 3157 bant.
472 3108 638 3160 nam
680 3103 907 3182 neque
955 3105 1133 3162 unus
1177 3084 1360 3179 apud
1413 3084 1861 3180 Ammianum
1895 3134 1922 3174 ‚
1985 3085 2272 3178 Prospe-

230 3202 428 3269 rutn,
492 3183 946 3258 Gennadium
997 3180 1074 3256 ἃ
1116 3183 1285 3257 alios
1338 3183 1553 3256 etiam
1611 3180 1868 3254 eodem
1916 3199 2276 3277 tempore,

236 3277 653 3376 Eutropius:
706 3303 932 3378 neque
957 3281 1032 3354 in
1067 3281 1151 3355 iis
1184 3281 1590 3356 authoribus
1620 3282 2032 3377 quicquam,
2085 3279 2272 3375 quod

231 3378 327 3449 ad
367 3378 547 3454 hunc
576 3380 935 3477 pertinere
965 3379 1383 3475 Eutropium
1414 3377 1799 3453 affeverare
1827 3377 2057 3477 poffis.
2105 3378 2278 3449 Hoc

234 3491 508 3550 tantum
536 3479 925 3553 addiderim
943 3531 966 3564 ,
996 3476 1848 3588 Constantinopolitanum
1866 3530 1887 3562 ,
1918 3477 2032 3548 seu
2065 3496 2274 3569 quem

230 3569 309 3645 se
345 3596 689 3652 memorat
718 3577 1135 3651 Ammianus
1150 3576 1606 3650 Marcellinus
1642 3577 1716 3648 in
1747 3592 2070 3644 extremo
2099 3572 2277 3645 libro

232 3671 590 3768 trigefimo
632 3678 907 3772 prime,
959 3674 1311 3747 Graccum
1351 3673 1427 3747 ἃ
1467 3674 1844 3746 militarem
1894 3666 2133 3758 fuisse,
2181 3693 2273 3746 ex

230 3767 351 3841 his
380 3770 559 3864 poss‘e
590 3774 894 3871 conjici:
934 3774 1233 3870 primurn
1253 3829 1274 3861 ,
1303 3772 1489 3867 quod
1520 3771 1667 3866 ejus
1699 3789 1957 3841 nomen
1993 3772 2277 3843 unicum

224 3862 361 3955 fit,
413 3865 481 3945 ἃ
522 3872 1081 3948 Graecanicum:
1130 3870 1422 3960 deinde,
1469 3868 1654 3966 quod
1697 3869 1924 3940 oratio
1970 3890 2105 3940 non
2151 3868 2271 3940 ad-

215 3966 509 4047 modum
547 3974 887 4050 Romana
937 3967 1117 4068 (nin
1156 3966 1205 4043 fi
1241 3970 1313 4112 ΞΕ
1347 3970 1619 4139 s2aeculo
1648 3965 1747 4040 illi
1777 3966 1976 4041 malis
2025 3957 2283 4158 alt-{32}
