2870 4628
561 309 683 377 ut
1012 286 2151 420 PRAEFATIO.

563 458 761 542 enim
812 454 1034 541 credo
1068 456 1337 542 Caesar
1391 463 1542 546 SC.
1568 459 1870 566 facere.
1929 462 2152 547 Volet
2191 461 2605 573 Augurum

564 569 950 657 decretum
1004 632 1026 656 .
1085 634 1104 654 .
1163 634 1183 652 .
1245 633 1264 653 .
1332 572 1466 657 vel
1497 590 1586 656 ut
1609 573 1955 681 Consules
1991 588 2215 682 roget
2235 578 2605 681 Praetor,

562 682 702 764 vel
720 677 1209 767 Distatorem
1245 683 1494 782 dicat,
1550 709 1869 795 quorum
1909 702 2266 770 neutrum
2287 690 2425 797 jus
2457 689 2557 793 est
2577 748 2605 791 ‚

539 792 690 906 sed
706 793 786 903 st
823 796 1029 903 Sylla
1066 801 1320 906 potuit
1358 795 1651 904 afficere
1670 855 1697 898 ‚
1749 797 1853 881 ab
1897 799 2309 908 Interrege
2344 818 2434 883 ut
2460 805 2600 886 Di-

560 900 828 993 [lator
865 907 1297 1011 diceretur,
1351 934 1494 994 cur
1529 908 1650 993 hic
1688 935 1833 993 non
1861 924 1959 1021 po
2015 926 2080 993 tt
2105 917 2144 992 ‚2
2178 909 2383 995 unde
2413 939 2599 997 con-

557 1018 795 1127 ligere
833 1020 1456 1125 licet,Caesarem
1501 1041 1679 1105 ante
1716 1029 1863 1128 jam
1907 1048 1949 1103 e
2035 1048 2201 1105 cere
2233 1044 2597 1108 conatum

554 1128 808 1236 fuisse,
870 1151 955 1216 ut
1017 1133 1376 1218 Dictator
1419 1130 1842 1237 diceretur,
1895 1131 1980 1215 &
2013 1131 2315 1243 quidem
2358 1164 2402 1220 a
2452 1138 2597 1220 Le-

549 1242 745 1353 pido
770 1304 798 1344 ,
850 1246 978 1352 qui
1020 1253 1177 1354 ejus
1226 1248 1641 1355 populique
1677 1272 1938 1331 auram
1976 1268 2291 1354 captans
2331 1250 2594 1333 Caesa-

553 1384 715 1441 rem
757 1353 958 1467 quafi
1002 1358 1437 1466 proposuit,
1496 1378 1580 1444 ut
1620 1358 1892 1466 Populi
1936 1362 2327 1444 voluntate
2394 1388 2597 1446 crea·

551 1492 805 1571 retur,
862 1478 1070 1573 cujus
1131 1471 1476 1581 precibus
1530 1470 1993 1574 concedere,
2054 1491 2134 1555 ut
2172 1495 2589 1576 crearetur,

543 1584 785 1670 videri
826 1584 1088 1667 voluit.
1202 1580 1445 1687 Quod
1506 1579 1556 1666 fi
1599 1582 2119 1693 expenderent
2153 1583 2253 1663 V.
2287 1587 2380 1666 D.
2434 1585 2590 1667 Lu-

543 1699 715 1784 cani
756 1698 1059 1798 locum,
1115 1720 1340 1804 quem
1396 1694 1496 1779 ad
1554 1698 1796 1782 Dion.
1828 1697 2009 1781 citat
2056 1698 2173 1779 Cl.
2208 1694 2591 1781 Fabricius

464 1820 468 1825 ’
540 1810 636 1898 L.
661 1836 741 1904 v.
780 1806 875 1892 vs.
897 1814 1077 1917 382.
1143 1806 1463 1910 dubito,
1520 1834 1620 1893 an
1656 1810 2175 1894 sollicitarent:

1394 1971 1842 2082 Populoque
1899 1973 2240 2080 precanti

646 2086 962 2175 Scilicet
979 2081 1423 2199 indulgens,
1442 2088 1808 2170 summum
1836 2086 2192 2172 Dictator
2213 2086 2585 2177 honorem

649 2200 1051 2314 Contigit,
1112 2197 1470 2286 &laetos
1505 2195 1684 2283 fecit
1721 2201 1789 2301 se
1826 2201 2129 2286 consule
2163 2197 2413 2288 fastos.

537 2364 707 2469 sed,
767 2365 875 2451 uti
932 2386 1200 2452 contra
1256 2367 1466 2479 leges
1501 2393 1709 2449 nunc
1748 2363 2101 2450 Dictator
2139 2363 2384 2448 dictus
2426 2364 2581 2465 est,

537 2483 642 2564 ita
689 2499 954 2566 contra
992 2486 1105 2584 jus
1148 2476 1409 2583 fasque
1447 2479 1920 2561 Dictaturam
1964 2476 2160 2560 hanc
2208 2472 2361 2559 {ine
2405 2478 2583 2562 Ma-

538 2590 774 2706 gistro
806 2592 1143 2699 equitum
1179 2588 1446 2700 gestit,
1504 2587 1707 2671 unde
1743 2615 1909 2670 eam
1949 2586 2232 2672 invidia
2270 2592 2577 2695 plenam

536 2729 671 2787 xt.
731 2700 899 2803 die,
961 2727 1184 2810 quam
1246 2699 1493 2784 dicius
1546 2721 1709 2783 erat
1763 2699 2121 2806 deposuit.
2243 2701 2578 2785 Praeter·

531 2841 757 2923 quam
795 2813 999 2898 enim
1043 2811 1248 2921 quod
1284 2815 1407 2897 lex
1447 2832 1675 2921 atque
1712 2811 2126 2896 institutum
2169 2831 2577 2925 utrumque

526 2935 909 3040 jungunt,
968 2927 1216 3010 variae
1262 2945 1480 3009 erant
1539 2924 1867 3026 caussae,
1924 2954 2058 3009 cur
2112 2925 2460 3038 Magistri
2499 2955 2577 3010 e-

528 3041 821 3150 quitum
861 3038 1205 3148 indigere
1244 3063 1405 3121 non
1446 3037 1681 3145 posset
1722 3036 2088 3122 Dictator.
2175 3040 2574 3143 Quemad-

530 3149 851 3235 modum
892 3150 1098 3236 rec'te
1131 3152 1228 3234 ad
1266 3151 1385 3233 sua
1427 3149 1662 3258 us'que
1703 3171 2048 3260 tempora
2091 3157 2381 3234 nullum
2426 3153 2572 3236 Di-

527 3264 899 3347 ctatorem
979 3261 1133 3347 fine
1190 3261 1570 3373 Magistro
1636 3265 1972 3370 equitum
2046 3260 2253 3346 fuisse
2321 3266 2571 3348 scribit

524 3374 972 3492 Dionysius.
1016 3371 1169 3458 Etli
1210 3373 1743 3481 Liviu3‚quod
1761 3376 2164 3483 sigonium
2203 3379 2399 3461 male
2436 3403 2573 3461 ne-

524 3516 706 3603 gare
744 3490 873 3573 ubi
914 3485 1653 3604 notatJenfiu3,ipse
1691 3488 1928 3595 lapsus
1962 3487 2261 3595 est,qui
2303 3489 2571 3572 scribat

376 3643 380 3648 ·
522 3628 691 3684 non
751 3604 986 3687 solum
1046 3603 1127 3685 L.
1174 3627 1345 3687 vu:
1385 3603 1465 3686 6.
1522 3598 1644 3683 sed
1702 3598 1786 3680 &
1844 3601 1930 3683 L„
1979 3624 2061 3681 11.
2126 3627 2186 3684 c.
2240 3609 2357 3688 18.
2419 3627 2568 3694 nec

519 3729 811 3797 nomen
839 3711 1184 3826 Magistri
1221 3715 1554 3821 equitum
1580 3770 1606 3811 ‚
1647 3735 1896 3819 neque
1932 3712 2158 3796 verba
2175 3712 2564 3824 Magssri

514 3832 851 3937 equitum
902 3828 1346 3927 obcurrere,
1402 3850 1535 3907 eos
1588 3850 2166 3932 nonnumquam
2219 3827 2563 3930 omittit,

500 3939 1349 4052 utL.v11„6;-1x·29.
1406 3940 1629 4052 (nam
1665 3935 1756 4024 L.
1780 3945 2126 4056 11‚-c‚18.
2185 3936 2294 4063 uti
2331 3956 2562 4134 ati-{leia

2359 4075 2434 4135 vr
2515 4098 2554 4121 -
