2870 4628
484 292 593 388 ti·
702 292 2022 387 PRAEFATIONES.

221 461 445 540 Galliis
474 484 754 536 untur
790 456 1224 556 impressam
1244 515 1265 550 ‚
1287 482 1377 534 ex
1407 457 1892 555 Augustissima
1909 461 2304 538 Bibliothes

222 587 291 636 ca
317 558 899 636 vindebonenfi
934 616 955 643 ‚
994 556 1255 633 illustre
1289 557 1503 632 decus
1531 556 1606 632 δι
1633 580 2114 634 ornamentum
2146 586 2300 637 eru·

223 661 530 734 ditorum
581 659 871 731 ordinis
922 660 1219 730 Pei-Rus
1268 657 1684 730 Lmnncms
1716 709 1741 747 ,
1805 661 1875 732 S.
1927 659 2300 734 Caesareae

230 756 645 854 Maiestatis
682 753 1147 829 consiliarius
1180 752 1254 827 ὅτ
1294 754 1919 852 Historiographus
1950 808 1974 842 ‚
2024 779 2156 853 pro
2196 759 2296 831 in-

234 855 565 929 credibili
614 856 691 927 in
740 854 1143 948 augendam
1183 875 1329 926 rem
1374 855 1744 927 literariam
1788 853 2298 951 propensione,

244 950 792 1026 Generofiffimo
829 953 1157 1024 Domino
1198 951 1237 1022 a
1271 954 1750 1025 Secxzunortr
1790 952 2206 1042 transmitit,
2254 976 2297 1027 e

250 1052 457 1146 cujus
491 1050 908 1122 liberalitate
942 1050 1153 1121 nobis
1187 1072 1459 1147 quoque
1488 1048 2038 1122 emendatissimo
2067 1051 2186 1126 illo
2245 1051 2299 1127 i·

259 1151 393 1221 bro
423 1148 514 1221 ad
546 1146 727 1221 hanc
750 1147 1137 1222 editionem
1160 1146 1677 1221 conficiendam
1706 1147 1808 1220 uti
1836 1148 2047 1220 licuit.
2105 1149 2296 1246 Quid

256 1267 633 1342 praeterea
659 1244 1056 1339 praestitum
1090 1268 1129 1318 a
1160 1246 1361 1319 nobis
1384 1245 1638 1334 fuerit,
1658 1247 2128 1318 Annotationes
2143 1248 2297 1318 Phi·

262 1347 373 1417 lolo
423 1349 609 1432 icae,
658 1343 930 1439 fingulis
981 1345 1275 1438 pagellis
1326 1342 1676 1439 subjectae
1707 1395 1732 1433 ,
1801 1343 1960 1432 Te,
2011 1345 2299 1417 cordate

256 1369 555 1531 Legat,
608 1442 905 1515 edocere
941 1440 1243 1536 possunt.
1345 1440 1548 1543 Quae
1585 1444 1674 1515 de
1716 1440 1870 1513 stilo
1907 1442 2298 1538 utriusque,

254 1536 688 1637 Eutropii&
719 1538 1269 1634 memphi-astae,
1317 1548 1532 1614 etiam
1564 1539 1652 1613 de
1683 1539 1881 1636 hujus
1911 1559 2179 1630 aetate,
2219 1538 2297 1616 δι

255 1636 535 1725 nmilia,
584 1637 892 1712 dicenda
932 1634 1191 1727 essent,
1243 1641 1490 1712 summi
1529 1639 1707 1727 viri,
1759 1662 2050 1735 quorum
2103 1662 2299 1734 prae·

253 1734 550 1808 sationes
583 1737 1126 1833 subjungemus,
1175 1738 1289 1809 vel
1332 1738 2004 1826 nobis-tacentibus,
2053 1735 2299 1810 edisse·

250 1852 436 1906 rent.
535 1836 713 1907 Boni
763 1836 1036 1908 interea
1087 1833 1478 1926 consulam
1549 1857 1747 1908 recor
1778 1886 1804 1925 ‚
1852 1836 2301 1933 qualemcun-

253 1956 397 2028 que
441 1932 629 2005 hunc
676 1934 991 2005 laborem
1053 1933 1355 2005 nostrum
1384 1984 1415 2027 ,
1603 1931 1653 2006 fi
1702 1934 1910 2008 naevi
1965 1934 2297 2031 quidam,

258 2050 449 2124 quae
476 2030 865 2103 mortalium
895 2029 1215 2103 conditio
1248 2029 1386 2118 est,
1405 2028 1839 2105 adhaeserint
1868 2031 2080 2106 etiam
2117 2032 2299 2104 libro

262 2125 563 2216 nostro,
595 2129 891 2224 benigne
922 2127 1435 2225 interpreteris:
1489 2127 1537 2200 fi
1575 2128 1741 2224 quid
1780 2127 2040 2203 fructus
2072 2130 2158 2202 ad
2181 2129 2300 2202 Te

256 2227 683 2323 pervenerit
720 2250 802 2300 ex
836 2225 1089 2299 eodem
1112 2280 1134 2314 ‚
1181 2246 1322 2300 non
1376 2246 1519 2300 tam
1566 2228 1769 2298 nobis
1804 2228 2058 2323 gratias
2090 2246 2301 2321 agas,

244 2345 471 2419 quam
507 2378 528 2412 ,
582 2324 773 2417 cujus
818 2324 1138 2420 auspiciis
1177 2326 1293 2399 ille
1335 2324 1598 2422 prodiit
1629 2377 1651 2410 ,
1699 2323 1939 2396 illustri
1983 2325 2304 2397 Secun-

248 2443 569 2509 nonno,
622 2426 735 2497 cui
785 2423 833 2496 st
874 2445 1081 2517 pares
1122 2445 1334 2518 agere
1380 2441 1504 2497 aut
1548 2418 1810 2518 referre
1854 2421 2114 2518 gratias
2159 2443 2303 2495 non

244 2539 505 2614 potes,
571 2524 810 2594 animo
852 2524 1094 2595 saltem
1134 2520 1315 2595 habe
1349 2576 1370 2610 ,
1419 2524 1787 2615 vitamque
1837 2543 1923 2593 ac
1966 2516 2302 2594 succeffus
2371 2555 2376 2564 ·

246 2616 503 2691 felices
534 2619 633 2693 illi
664 2642 943 2693 mecum
979 2640 1311 2713 precare,
1364 2638 1481 2709 ut,
1526 2620 1711 2716 quod
1756 2618 1964 2709 solet,
2015 2615 2303 2691 diutifli·

244 2738 373 2786 me
422 2715 631 2810 poffit
666 2771 690 2804 ‚
766 2719 858 2792 de
907 2739 987 2789 re
1037 2715 1336 2790 literaria
1379 2718 1470 2791 ad
1521 2716 1878 2813 publicam
1926 2716 2301 2793 utilitatem

246 2835 464 2908 quam
508 2817 787 2911 optime
821 2813 1101 2888 mereri.
1201 2814 1415 2890 Vale.

493 3011 1410 3090 CHRISTOPHORI
1509 3011 2062 3090 CELLARII

374 3191 2189 3322 ADLOCUTIO

1204 3423 1367 3485 AD

544 3572 1080 3678 MUSAS
1216 3572 2015 3676 CIZENSES.

236 3782 921 4059 Ψυάενίςεηῑὶ
970 3787 1135 3862 anni
1183 3786 1338 3862 sunt
1368 3839 1395 3874 ‚
1456 3811 1672 3886 quum
1718 3785 1947 3862 vester
1993 3808 2130 3884 ego
2175 3811 2294 3864 an-

539 3887 775 3979 tisteS,
826 3888 1119 3959 hortatu
1162 3885 1403 3960 summi
1443 3890 1580 3962 viri
1630 3885 1969 3982 vobisque
2006 3886 2296 3978 conjun-

229 3981 349 4060 ἂι·
426 3985 563 4083 mi,
607 3989 737 4067 cui
774 3984 1205 4062 incrementi
1233 3984 1617 4125 vosivssstri
1655 4005 2000 4082 quantum
2046 3985 2299 4151 delate}-

1527 4106 1565 4176 3
2206 4104 2228 4151 ¹
2283 4132 2306 4169 ν
