2870 4628
10 2 263 10 *7
292 4 299 5 κ
350 4 419 7 ῩὙ
624 2 1297 10 r———q-——z-——uq———ffmvrff-Wss--rff
1336 4 1478 9 ᾖ--η-

496 326 608 383 ιτ
697 305 2005 387 PRAEFATIONES.

234 457 516 533 ‘veniunt
556 463 1122 557 appellatione3
1186 463 1308 537 ubi
1355 461 1738 559 diligenter
1784 462 2096 539 attendit
2130 517 2155 554 ‚
2216 482 2299 544 ut

245 579 402 652 qnae
450 581 543 633 ex
585 562 955 656 Eutropio
986 581 1195 636 erant
1227 559 1467 635 hausta
1497 561 1779 636 diverso
1819 562 2301 638 cbarasterum

247 677 492 748 genere
531 680 576 732 a
619 661 967 734 Paullinis
1013 659 1599 755 exprimerentur.
1699 659 1976 735 Verum
2002 713 2030 752 ,
2077 681 2156 736 ut
2208 663 2300 737 ad

249 754 643 830 Fabricium
668 777 1034 848 revertar,
1066 761 1497 833 mentionem
1533 758 1682 832 e'us
1712 756 1815 832 sui
1842 761 2007 833 MS.
2038 759 2299 835 Eutro-

256 853 356 944 pii
391 855 651 929 iterum
683 854 858 930 facit
889 856 967 929 in
1009 857 1234 931 Notis
1266 855 1353 931 ad
1393 857 1546 930 Oro
1573 860 1624 942 1i
1655 858 1775 931 lib.
1818 880 1919 931 ιν.
1969 880 2124 956 cap.
2180 880 2301 953 17.

259 953 380 1023 nbi
409 951 646 1026 scribit
671 954 1084 1051 Sueffmm,
1111 979 1234 1028 non
1262 954 1705 1051 Sinuffmum
1722 1009 1743 1044 ,
1766 972 1839 1028 ut
1866 953 1956 1053 est
1982 960 2053 1030 in
2082 958 2299 1031 MSS.

270 1047 476 1138 Orofii
507 1051 911 1148 Eutropiique
940 1056 1150 1126 tibris.
1199 1071 1276 1126 ut
1301 1050 1376 1128 Gt
1424 1057 1548 1126 lib.
1580 1078 1652 1126 v.
1703 1075 1859 1149 cap.
1898 1060 2010 1127 16.
2070 1055 2159 1129 In
2188 1079 2303 1130 no·

255 1143 399 1242 stro
428 1148 580 1222 MS.
610 1153 957 1248 Eutropio,
1001 1156 1195 1224 initio
1221 1155 1372 1225 libri
1400 1156 1656 1248 quinti,
1705 1152 2115 1242 deseremus,
2164 1152 2305 1228 Ro-

275 1250 453 1318 mani
488 1248 807 1346 Consules,
852 1274 973 1322 non
1015 1253 1339 1345 leguntur.
1435 1251 1679 1344 Atque
1728 1250 1994 1328 ibidem
2041 1252 2113 1323 in
2155 1251 2302 1329 fine

273 1365 428 1438 cap.
466 1367 578 1419 21.
628 1352 933 1429 Hiertam
957 1350 1199 1422 babent
1227 1373 1439 1423 omnes
1467 1350 1665 1422 Libri
1686 1348 1888 1426 MSS.
1918 1350 2309 1445 eundemque

263 1447 560 1539 antiquus
582 1470 764 1522 meus
775 1448 1126 1543 Eutropius
1155 1450 1470 1527 Hierdam
1497 1450 1987 1521 nominata-um
2014 1446 2307 1547 impreffi

267 1547 589 1619 Hiarbam.
691 1546 958 1619 Iterum
1006 1568 1159 1641 cap.
1203 1568 1318 1642 23.
1417 1549 1797 1640 Hirculejus
1831 1545 2027 1642 estin
2064 1544 2303 1644 nostris

270 1641 456 1714 MSS.
487 1640 703 1738 Orqlii
729 1641 1148 1740 Eutropii&
1174 1643 1344 1719 Flor.
1379 1646 1591 1718 libris.
1638 1646 1969 1742 Denique
2014 1647 2134 1720 lib.
2162 1667 2301 1721 vn.

271 1760 410 1831 cap.
443 1763 553 1833 24.
651 1743 1046 1817 Schonhooii
1087 1744 1478 1840 Eutropius,
1526 1745 1805 1816 Con-hen
1839 1747 2076 1817 habet:
2119 1767 2303 1819 meus

265 1838 692 1915 MSAEoe‘uen.
740 1865 898 1938 cap.
929 1863 968 1914 2
974 1863 1044 1931 5.
1090 1842 1472 1915 Schonhovii
1487 1842 1839 1938 Eutropius
1866 1844 2061 1916 habet
2076 1845 2303 1933 ‚Bau-

269 1939 550 2012 cadorum
575 1963 844 2028 nomen,
894 1963 1073 2013 meus
1104 1941 1563 2036 Bagaudarum
1604 1939 1683 2015 ἅ
1728 1963 1884 2036 cap.
1917 1941 2035 2032 29.
2088 1941 2297 2016 testa-

271 2052 380 2106 tur
414 2038 864 2110 Vetranionem
907 2036 1182 2114 exstare
1221 2040 1296 2114 in
1341 2040 1464 2115 suo
1508 2039 1895 2134 Eutropio,
1944 2057 2156 2136 atque
2197 2041 2302 2116 ita

261 2153 523 2210 nomen
562 2135 728 2209 illud
760 2138 981 2211 scribi.

351 2233 747 2308 Praeterito
785 2255 1060 2334 quoque
1101 2258 1331 2328 anno,
1396 2244 1465 2317 8.
1504 2234 1816 2331 Aprilis,
1889 2233 2240 2331 Gottinga
2269 2288 2299 2327 ,

259 2331 804 2407 Observationes
835 2338 984 2408 suas
1013 2336 1225 2410 MSS.
1259 2337 1331 2410 in
1363 2336 1783 2429 Eutropium
1816 2333 1901 2407 ad
1938 2356 2053 2406 me
2093 2335 2300 2409 mise·

250 2452 357 2504 rat
383 2434 485 2506 Cl.
526 2434 640 2506 vir
668 2430 742 2506 ἃ
769 2432 1256 2508 eruditissimus
1280 2432 1680 2530 christoph.
1721 2429 2078 2527 Augustus
2097 2434 2303 2507 Heu·

252 2552 550 2604 mannus
593 2582 623 2621 ,
678 2554 848 2627 quas
903 2533 1197 2607 libenter
1244 2534 1379 2607 suis
1429 2531 1603 2606 locis
1645 2528 1931 2604 adtexui
1965 2584 1989 2619 ,
2052 2531 2300 2629 ibique

245 2626 584 2703 studiosus
613 2628 876 2702 Lector
899 2628 1002 2704 est
1025 2631 1469 2704 inventurus:
1497 2632 2050 2704 commonuerat
2077 2633 2297 2706 etiam

250 2727 332 2799 tle
363 2728 678 2825 quadam
719 2726 836 2801 sua
866 2727 1361 2803 emendatione
1388 2729 1727 2818 Amicus,
1774 2728 1869 2800 de
1904 2751 2040 2826 qua
2074 2729 2301 2805 libere

241 2824 589 2919 judicium
605 2848 841 2898 meum
872 2826 1224 2925 proferam
1241 2882 1266 2918 ‚
1286 2825 1434 2922 pari
1453 2828 1896 2925 ingenuitate
1915 2851 2104 2902 meas
2128 2853 2300 2926 quo-

252 2948 384 3019 que
414 2921 863 2998 honestorum
889 2923 1184 3022 judicio.
1249 2926 1391 3000 Vir
1418 2925 1657 3021 itaque
1683 2924 2296 3019 praestantiffimus

255 3022 366 3118 Jo.
402 3022 877 3096 Arentzenius
918 3024 992 3096 in
1025 3020 1316 3097 Differt.
1365 3021 1457 3097 de
1484 3021 1795 3097 Civitate
1824 3023 2085 3115 Paulli,
2134 3048 2298 3120 cap.

253 3145 322 3213 7.
369 3144 441 3216 p.
470 3141 637 3214 232.
688 3123 871 3216 apud
900 3121 1322 3216 Eutropium
1352 3122 1471 3198 lib.
1510 3144 1574 3194 1.
1613 3144 1745 3215 cap
1778 3144 1888 3215 13.
1938 3147 2007 3221 p.
2036 3123 2143 3198 Ed
2168 3145 2300 3196 no·

251 3219 430 3293 strae
464 3243 584 3313 34.
632 3215 714 3291 &
759 3242 870 3313 34.
921 3221 1161 3317 legere
1184 3220 1430 3317 jubet,
1484 3217 1647 3293 Tum
1686 3216 1773 3302 E?
1802 3219 1969 3317 ipsos
1977 3214 2114 3315 fibi
2148 3216 2300 3295 Tri·

256 3321 450 3390 bunos
478 3317 935 3413 Plebis-‚quast
953 3322 1244 3417 proprios
1271 3318 1578 3392 Vindices
1602 3314 1688 3401 ἐξ
1706 3317 2094 3416 Defensores
2120 3343 2302 3394 crea-

261 3420 384 3488 vit.
433 3417 777 3513 Legitur,
806 3416 1035 3513 inquit
1054 3471 1078 3506 ,
1105 3419 1178 3490 in
1203 3415 1434 3491 Editis
1459 3416 1761 3510 Judices.
1812 3419 1914 3491 At
1942 3420 2118 3493 nihil
2147 3441 2303 3492 cer-

258 3531 331 3585 te
371 3517 602 3588 minus
652 3513 961 3612 (addit)
1010 3538 1217 3612 quarn
1261 3515 1348 3590 ad
1377 3515 1838 3612 judicandum
1878 3516 2105 3591 creati
2142 3516 2304 3591 sunt

263 3610 561 3686 Tribuni
600 3613 878 3702 Plebis3
922 3614 1108 3710 quod
1155 3613 1414 3688 deinde
1467 3635 1559 3689 ex
1610 3613 1849 3688 Gellio
1893 3612 2297 3691 confirmat.

258 3708 439 3784 Pace
485 3711 648 3785 Viri
690 3709 1062 3785 dofflffimi
1091 3710 1170 3786 δι
1211 3711 1533 3809 discipuli
1575 3711 1933 3808 quondam
1959 3714 2140 3805 mei,
2193 3739 2301 3791 as·

261 3804 491 3879 sentiri
520 3810 612 3884 illi
642 3831 950 3905 nequeo.
997 3811 1422 3891 Emendatio
1452 3807 1555 3883 est
1594 3824 1847 3884 contra
1875 3830 2124 3889 omues
2146 3835 2300 3888 om-

248 3904 436 3976 nino
479 3908 680 3983 MSS.
738 3926 990 3982 contra
1025 3906 1333 3984 Paullum
1368 3910 1809 3995 Diaconum,
1859 3932 2104 3987 contra
2128 3912 2297 3987 Me·

235 4002 566 4100 pbtassen
596 4008 983 4086 Graecum.
1052 4008 1187 4108 Πρὶν
1229 4007 1336 4112 nal
1379 4006 1565 4086 αὐτὸς
1610 4010 1786 4106 αΰτῷ·
1833 4016 2134 4097 urim·-
2181 4003 2296 4108 εἷς·

2077 4136 2301 4205 genu
