2870 4628
859 258 2281 363 PRAEFATIO.

531 471 626 560 ri
678 468 1062 584 dignitate
1120 468 1510 583 insignitos
1584 488 2095 560 commemoret
2174 470 2622 561 Fabricius.

538 585 942 696 Quantum
1004 599 1264 670 tamen
1328 609 1370 670 e
1418 585 1741 673 conlatis
1805 610 2036 673 manu
2090 583 2205 690 ἐρ’
2261 592 2475 701 typis
2504 587 2625 676 de·

517 699 849 813 firiptis
893 695 1284 783 Codicibus
1337 698 1692 808 colligere
1719 705 1981 808 potui;
2039 724 2323 784 ver-um
2363 728 2615 787 nomen

519 810 758 923 juiſje
815 807 1137 893 videtur
1185 812 1527 896 Saxa-us
1592 811 1873 895 Rufus
1936 810 2258 898 Fns‘rus
2291 874 2323 916 ‚
2425 836 2613 929 quae

541 919 1656 1121 mm
1686 922 2603 1125 [βίω

415 1250 423 1255 ,
538 1148 841 1236 dixeris
867 1209 894 1251 ‚
944 1147 1259 1261 perinde
1273 1146 1412 1260 fit.
1527 1097 1708 1262 Nis’i
1759 1145 2008 1235 Rufus
2058 1147 2320 1236 Sestus
2376 1097 2604 1239 antei}

518 1261 908 1377 scriptum
934 1258 1204 1372 suerit
1218 1319 1247 1364 ,
1301 1259 1504 1370 quod
1527 1278 1677 1374 pro
1710 1263 1991 1349 Sextus
2022 1269 2205 1375 poni
2239 1269 2602 1376 ignoran-

541 1392 662 1464 tes
723 1374 1090 1461 Librarii
1130 1378 1212 1459 in
1271 1372 1573 1460 Festum
1624 1392 2059 1463 mutarunt.
2169 1382 2312 1462 An
2362 1402 2558 1461 vero
2573 1430 2606 1476 ‚

539 1488 840 1597 etiamsi
874 1485 1074 1597 Festi
1111 1510 1368 1573 nomen
1386 1548 1412 1591 ‚
1468 1514 1633 1574 eum
1678 1488 2159 1597 Consularem
2170 1486 2555 1595 faciemus
2567 1543 2602 1590 ‚

542 1606 730 1718 quia
762 1600 894 1685 boc
925 1599 1036 1704 δ’
1075 1604 1362 1686 nomine
1398 1598 1511 1703 &³
1544 1626 1851 1687 munere
1884 1602 2266 1712 insignitus
2298 1604 2463 1713 quis
2507 1622 2597 1682 eo

539 1731 880 1826 tempore
933 1718 1150 1799 venit
1190 1718 1232 1796 ἓ
1302 1738 1465 1796 cum
1502 1710 1613 1817 &⁹
1660 1711 2042 1824 consulari
2076 1712 2185 1817 δ’
2218 1706 2601 1824 proconsu-

541 1830 710 1915 lari
741 1826 1120 1938 dignitate
1156 1824 1421 1936 plures
1478 1824 1577 1909 Fe
1638 1832 1671 1911 i
1682 1822 2009 1933 fuerint
2054 1825 2339 1938 gavisi.
2407 1820 2601 1909 Festi

539 1940 810 2054 Syriae
846 1936 1254 2023 consularis
1293 1942 1625 2024 meminit
1668 1939 2041 2026 Libanius
2061 1967 2094 2036 ,·
2147 1935 2341 2024 Festi
2381 1932 2599 2020 Aiiae

536 2050 1003 2165 proconsulis
1046 2048 1240 2133 idem
1262 2110 1289 2152 ‚
1368 2053 1623 2138 Amm.
1704 2050 2222 2139 Marcellinus
2242 2109 2271 2153 ‚
2347 2053 2605 2135 Euna-

531 2170 712 2281 pius
761 2164 874 2270 ἐφ’
929 2162 1266 2273 Zosimus
1303 2191 1332 2246 .·
1419 2161 1616 2248 Festi
1690 2160 2062 2250 Graeciae
2140 2160 2603 2272 proconsulis

536 2278 1071 2392 Inscriptiones
1104 2274 1412 2385 exstant
1464 2276 1675 2388 apud
1711 2279 2150 2364 Gruterum
2181 2340 2206 2380 ,
2264 2276 2603 2361 Fabret-

537 2411 706 2481 tum
741 2417 834 2477 ac
875 2395 1248 2503 Sponium,
1305 2388 1400 2473 R.
1459 2395 1695 2478 etiam
1754 2386 1949 2475 Festi
1998 2393 2090 2473 V.
2130 2391 2215 2476 C
2254 2389 2353 2473 de
2382 2388 2452 2472 st
2486 2385 2593 2473 ad

535 2507 796 2593 Deam
823 2503 1182 2589 Nortiam
1215 2505 1715 2614 Epigramma
1752 2508 1834 2588 in
1854 2501 2167 2590 Anthol.
2196 2504 2360 2589 Vet.
2396 2502 2596 2588 Lat.

537 2619 636 2704 L.
684 2620 754 2702 I.
826 2617 972 2728 Ep.
1021 2638 1332 2700 mxxix.
1409 2618 1556 2702 Ed.
1618 2618 1737 2703 cl.
1776 2618 2218 2702 Burmanni
2255 2617 2367 2720 &³
2409 2614 2599 2725 Diff.

540 2732 1087 2839 Cannegieteri
1145 2729 1256 2813 ad
1295 2732 1718 2816 Avium.
1832 2728 1975 2815 An
2012 2754 2205 2814 vero
2236 2727 2359 2813 bic
2415 2753 2607 2814 unus

536 2845 876 2957 idemque
912 2902 941 2944 ‚
1012 2842 1127 2948 ἐφ’
1165 2841 1252 2954 fi
1283 2844 1399 2955 sit
1439 2903 1466 2944 ‚
1544 2870 1653 2928 an
1704 2842 1990 2949 Noster
2010 2849 2049 2925 ,ἓ
2123 2844 2289 2950 Qui
2330 2846 2604 2951 Syriae

537 2958 956 3067 consularis
985 3014 1015 3060 ‚
1092 2960 1282 3070 quin
1326 2953 1577 3067 postea
1627 2954 1866 3066 Asiae
1909 2954 2311 3066 proconsul
2334 2954 2608 3061 fuerit

535 3091 701 3152 cum
734 3067 910 3154 aliis
943 3072 1095 3152 vix
1138 3068 1400 3153 dubito
1438 3097 1465 3153 .-
1520 3097 1626 3154 an
1681 3064 1965 3177 Noster
1984 3129 2009 3165 ‚
2086 3065 2388 3154 haereo.
2528 3071 2610 3154 Si

534 3204 730 3265 vero
770 3182 1155 3266 Graeciae
1189 3179 1796 3292 proconsulatum
1840 3177 2151 3292 gffrit
2168 3239 2198 3284 ‚
2273 3207 2384 3266 an
2451 3185 2609 3294 ejus

535 3295 902 3404 Linguae
959 3295 1184 3403 plane
1254 3294 1475 3379 rudis
1515 3301 1555 3378 ?
1644 3321 2100 3408 quamquam
2171 3291 2288 3397 69⁹
2381 3300 2611 3405 prior

538 3411 783 3515 opinio
822 3404 1137 3492 nondum
1172 3405 1360 3492 mibi
1395 3408 1660 3522 liquet.
1775 3403 2113 3515 Valesius
2164 3405 2469 3519 quidem
2513 3404 2619 3493 ad

537 3520 1000 3606 Marcellini
1049 3520 1299 3606 verba
1352 3518 1422 3603 d.
1463 3523 1517 3605 l.
1590 3515 1849 3604 Festus
1896 3516 2203 3627 quidam
2265 3519 2611 3603 Triden-

536 3634 744 3715 tinus
815 3698 834 3716 .
890 3692 911 3716 .
974 3697 995 3718 .
1067 3629 1581 3718 administrata
1644 3632 1867 3744 Syria
1900 3689 1932 3736 ,
2006 3627 2608 3744 Magisterioque

535 3748 926 3830 memoriae
985 3744 1292 3854 perusto
1345 3809 1364 3828 .
1425 3809 1447 3829 .
1510 3809 1529 3830 .
1586 3770 1847 3857 regere
1893 3740 2144 3829 Asiam
2193 3746 2603 3851 proconsu-

533 3857 672 3939 lari
734 3856 1106 3958 potestate
1157 3858 1459 3944 exorsus
1510 3874 1652 3944 cet.
1707 3856 1957 3944 nullus
2009 3856 2323 3944 dubitat
2345 3923 2372 3966 ,
2425 3859 2599 3971 quin

533 3966 654 4057 hic
693 3968 808 4082 stt
863 3969 1149 4082 Noster
1162 4029 1194 4077 ,
1240 3987 1665 4088 propterea
1722 3970 1927 4089 quod
1975 3967 2403 4085 Magistetii
2454 3991 2604 4052 me-

1373 4147 1382 4156 ·
2446 4103 2613 4171 mo-
