2870 4628
993 241 2239 324 DEDICATIONES

586 398 903 496 reliquae
945 422 1199 476 omnes
1236 394 1590 475 Nationes
1637 399 1997 479 hominurn
2027 402 2369 497 imperata
2399 400 2635 481 facere

585 500 1050 587 videbuntur,
1102 499 1225 573 soli
1268 499 1654 572 Galliarum
1685 500 1967 594 populi,
2025 500 2094 575 se
2126 522 2268 574 non
2302 499 2628 575 homibus

585 618 872 692 parere,
929 595 1049 670 sed
1092 599 1280 695 veris
1333 598 1655 691 Regibus
1698 600 1816 694 qui
1851 599 2086 672 Deum
2121 598 2192 671 in
2235 600 2438 672 terris
2475 601 2630 673 imi·

587 712 827 769 tentur
843 750 863 782 ,
881 696 1371 791 obtemperare
1392 693 1471 768 ἃ
1488 692 1889 770 fatebuntur
1913 695 1991 773 ὅτ,
2020 698 2350 775 sentient.
2400 699 2584 774 Vale
2600 747 2635 792 ,

586 795 979 868 Dnmmr.
1022 796 1514 884 Saannsanra,
1560 790 1639 867 δι
1668 794 1888 871 Vive.

659 968 911 1031 Lutetiae
948 967 1257 1045 Parisiorum
1270 1009 1294 1043 ,

745 1043 1201 1190 Ιάίῠωῖσξὲῗεωῠ.

756 1334 1306 1475 ἈΝΝΑΕ
1387 1369 1713 1473 TAN.
1800 1370 2241 1476 FABR1
2327 1376 2432 1478 F.

583 1612 682 1739 P
830 1615 942 1740 R
1092 1615 1198 1738 A
1336 1613 1434 1739 E
1573 1614 1663 1738 F
1786 1617 1892 1740 A
2014 1612 2133 1739 T
2283 1614 2338 1736 I
2468 1620 2627 1743 O.

588 1910 597 1915 ,
841 1895 867 1949 t
910 1874 1129 1949 studia
1175 1894 1456 1973 optatos
1501 1873 1766 1950 fruetus
1807 1874 2077 1966 ferant,
2128 1874 2438 1952 Historia
2472 1882 2633 1954 Ro-

870 1998 1075 2049 mana
1109 1976 1419 2070 apprime
1452 1973 1758 2048 tenenda
1790 1972 1932 2062 est,
1979 1976 2299 2070 adeoque
2343 1978 2636 2074 legendi

584 2073 657 2147 in
704 2072 971 2145 Latinis
1019 2074 1302 2171 quidem
1349 2073 1560 2146 Titus
1588 2073 1872 2161 Livius,
1923 2074 2261 2160 'l'acitu8,
2306 2075 2633 2149 Ammia-

581 2192 753 2259 nus;
801 2169 876 2242 δι
924 2173 993 2244 in
1047 2170 1333 2242 Graecis
1367 2167 1739 2266 Dionysius
1779 2170 2363 2260 Halicarnasseus,
2418 2175 2626 2266 Poly·

584 2269 741 2344 hius
761 2328 781 2353 ,
835 2269 1030 2342 Dion
1059 2267 1356 2343 Caffius:
1408 2269 1547 2344 Sed
1572 2269 1735 2366 quia
1770 2267 1937 2342 illud
1969 2287 2209 2342 tantae
2239 2271 2439 2344 molis
2481 2274 2640 2364 est,

581 2385 664 2440 ut
711 2369 831 2441 vix
870 2366 1022 2462 post
1056 2370 1308 2441 multos
1352 2389 1573 2440 annos
1620 2367 1952 2461 explicari
1994 2366 2239 2460 poffit,
2290 2391 2629 2463 compen-

578 2465 784 2540 diosa
823 2465 1169 2563 quaedam
1209 2467 1324 2540 via
1364 2464 1710 2559 sequenda
1738 2464 1860 2537 est.
1914 2464 2193 2538 Praesto
2228 2467 2382 2540 sunt
2411 2469 2630 2564 igitur

581 2565 869 2652 Florus,
922 2564 1244 2636 Aurelius
1287 2561 1581 2650 Vistor,
1625 2561 2041 2657 Eutropius,
2093 2586 2265 2659 quos
2313 2557 2624 2641 minore's

582 2660 981 2737 Historieos
1026 2660 1242 2756 vulgo
1278 2676 1562 2733 vocant.
1664 2660 1944 2733 Florum
1974 2663 2256 2756 quidem
2280 2661 2615 2756 juventu·

508 2825 521 2831 -
582 2760 640 2831 ti
672 2758 899 2830 minus
929 2776 1171 2851 aptum
1201 2755 1550 2845 arbitror,
1585 2758 1843 2853 quippe
1875 2760 1991 2854 qui
2022 2782 2164 2832 uon
2197 2780 2335 2832 tam
2376 2760 2620 2834 Histo-

583 2857 769 2929 ricus
802 2878 1008 2951 quam
1037 2856 1334 2944 Orator,
1388 2853 1534 2930 ssve
1562 2856 2023 2954 Panegyrista.
2126 2859 2453 2931 Aurelius
2485 2861 2622 2932 Vi·

581 2952 739 3027 Etor
780 2954 1176 3028 Historicus
1219 2954 1501 3050 quidem
1546 2954 1893 3049 optimus,
1945 2954 2058 3028 sed
2093 2957 2210 3051 qui
2237 2956 2621 3030 firmiorem

584 3072 894 3126 aetatem
932 3052 1180 3149 poscit.
1234 3054 1383 3127 Vix
1415 3052 1607 3126 enirn
1637 3056 1724 3126 ab
1752 3055 1839 3126 iis
1876 3053 2177 3149 intelligi
2208 3058 2473 3149 poterit
2498 3058 2620 3150 qui

582 3171 727 3223 non
753 3151 1053 3248 aliquam
1079 3150 1444 3226 Historiae
1472 3151 1838 3224 Romanae
1867 3152 2193 3225 notitiam
2220 3174 2387 3246 prae
2419 3151 2488 3224 se
2513 3151 2623 3228 fe-

582 3268 766 3325 rant.
815 3250 1191 3345 Eutropius
1227 3250 1505 3344 reliquis
1531 3248 1991 3343 praestantior
2019 3269 2435 3346 teneraeque
2454 3274 2624 3346 pue·

584 3371 821 3425 rorum
851 3348 1069 3446 aetati
1099 3347 1672 3422 convenientior:
1721 3369 1879 3421 nam
1908 3366 2389 3444 praeterquam
2432 3349 2623 3445 quod

578 3446 743 3523 stilo
784 3451 990 3548 plano
1019 3446 1123 3520 est
1145 3444 1228 3521 ἃ
1257 3444 1444 3520 facili
1462 3496 1489 3535 ,
1537 3443 1666 3519 etsi
1699 3445 2110 3540 quandoque
2137 3449 2365 3519 minus
2396 3468 2577 3542 puro
2596 3501 2621 3536 ,

429 3627 447 3642 „
586 3567 909 3647 tempora
953 3545 1196 3620 omnia
1230 3561 1560 3620 accurate
1597 3543 1838 3639 ponit,
1887 3563 2068 3639 quae
2096 3541 2144 3616 fi
2170 3548 2244 3619 in
2285 3543 2624 3619 Historiis

582 3650 1074 3745 negligantur,
1121 3643 1250 3717 reli
1303 3664 1390 3714 ua
1426 3642 1668 3715 omnia
1714 3663 1913 3715 ruere
1953 3638 2030 3715 δι
2074 3661 2265 3715 retro
2311 3642 2622 3738 sublapsa

584 3745 834 3820 referri
890 3739 1162 3819 neeesse
1205 3766 1247 3816 e
1308 3791 1327 3810 .
1428 3722 1664 3838 Quare
1712 3740 1939 3834 primo
1989 3740 2321 3837 legendus
2365 3741 2624 3815 Eutro-

454 3906 468 3919 .
584 3842 742 3938 pius
759 3898 782 3935 ,
829 3840 985 3935 post
1013 3861 1176 3914 eum
1202 3837 1525 3913 Aurelius
1554 3835 1810 3912 vietor
1829 3892 1852 3926 ,
1887 3835 2042 3933 post
2070 3838 2429 3912 Aurelium
2456 3841 2630 3914 Flo·

585 3957 725 4030 rus.
817 3940 962 4019 an
1000 3959 1248 4032 omnes
1283 3956 1474 4018 nunc
1493 3958 1623 4032 per
1650 3959 1767 4014 me
1800 3936 1873 4016 in
1909 3933 2129 4013 Usum
2154 3938 2635 4115 Saamrgmr

724 4081 741 4094 ,
770 4099 777 4104 ,
2502 4056 2632 4122 ΕΜ·
