2870 4628
265 790 397 891 D.
454 794 1334 900 LUDOVICO
1404 805 1494 902 A
1570 802 2353 914 FLANDRIA

325 1005 404 1073 ὃ.
448 993 975 1080 eumcum
1031 1004 1538 1082 CAESARIS
1587 1006 2310 1107 PRAEPOSITO,

419 1108 562 1177 Ac
603 1106 1324 1186 HOLLANDIAE
1377 1117 2223 1208 GUBERNATORI,

653 1205 895 1279 ANT.
949 1211 1734 1287 SCHONHOVIUS
1790 1219 1855 1287 S.
1913 1218 2004 1286 D.

481 1401 514 1426 ι
535 1389 570 1437 ·,
599 1386 667 1474 'ssg
698 1394 814 1447 nm
853 1362 1435 1456 administrandae
1462 1381 1732 1478 reipub.
1763 1381 1947 1454 ratio
1978 1383 2208 1455 omnis
2239 1381 2342 1461 fe-

477 1489 494 1577 ζ
627 1537 630 1542 .
736 1496 817 1550 re
858 1480 1005 1570 peti
1047 1476 1270 1553 -soleat
1317 1500 1437 1553 ant
1484 1504 1526 1553 e
1580 1480 1978 1575 praeceptis
2033 1480 2342 1557 Philoso-

292 1575 300 1602 ²
435 1593 442 1600 ’
493 1611 514 1664 ;
728 1572 1069 1666 phorum,
1122 1584 1244 1650 ‘ant
1272 1581 1356 1655 ab
1392 1576 1747 1653 Historiae
1784 1578 2159 1673 exemplis:
2208 1604 2340 1656 nos

300 1725 306 1730 -
409 1675 626 1750 *0‘20'
728 1673 909 1747 haec
968 1674 1298 1750 libentius
1344 1702 1385 1752 a
1421 1677 1760 1753 Romanis
1799 1679 2127 1771 accipere
2169 1701 2339 1753 con·

276 1784 679 1871 suevimnS,
728 1773 916 1867 quod
950 1774 1322 1870 imperium
1355 1798 1594 1849 eornm
1629 1798 1770 1850 non
1807 1776 2024 1847 modo
2056 1779 2331 1870 amplis-

276 1876 535 1952 fimnm
557 1934 581 1968 ‚
623 1874 701 1953 δι
724 1890 949 1944 rerum
980 1870 1325 1969 gestarum
1356 1873 1839 1969 magnitudine
1868 1875 2331 1968 praeclarum,

276 1988 549 2048 verum
591 1978 798 2049 etiam
833 1970 1239 2045 melioribus
1267 1970 1600 2047 institutis
1639 1970 1713 2049 ἃ
1753 1972 2066 2068 legibus,
2114 1996 2327 2069 quam

280 2092 735 2147 caeterarum
774 2070 1168 2157 nationum,
1220 2072 1681 2167 gubernatum
1725 2069 1963 2144 fuerit.
2065 2071 2166 2143 At
2198 2072 2327 2148 vix

276 2171 601 2268 aliquem
638 2171 711 2244 in
752 2185 934 2241 tanto
976 2168 1389 2262 scriptorum
1429 2169 1581 2265 ejus
1613 2170 1844 2264 gentis
1884 2190 2179 2241 numero
2214 2192 2326 2240 re-

277 2270 529 2366 perire
555 2268 804 2354 liceat,
849 2268 960 2364 qni
992 2264 1178 2364 justa
1207 2268 1557 2342 brevitate
1581 2324 1601 2354 ‚
1654 2289 1763 2340 res
1796 2276 2068 2339 tantum
2102 2267 2326 2356 pubii-

275 2392 395 2444 cas
422 2366 503 2442 ἅ
533 2369 779 2442 civiles
812 2369 898 2439 ab
932 2366 1141 2439 initio
1176 2366 1696 2460 conscripserit,
1751 2364 1796 2438 fi
1830 2387 2042 2438 unum
2073 2365 2324 2438 Eutro-

266 2468 467 2561 pium
511 2468 878 2561 excipias:
960 2466 1083 2558 qui
1124 2464 1292 2538 licet
1346 2464 1611 2560 scripsit
1665 2461 2040 2557 posterius,
2092 2484 2322 2559 neque

268 2583 505 2640 tamen
536 2567 770 2639 minor
800 2562 1240 2656 eloquentia,
1286 2560 1363 2635 ἃ
1395 2563 1664 2660 jndicio
1695 2562 1907 2636 etiam
1953 2561 2321 2655 superiori-

268 2665 397 2738 bus
430 2664 572 2738 fnit
603 2661 1060 2738 eminentior.
1160 2659 1371 2763 Quod
1405 2685 1544 2757 quo
1577 2663 1805 2734 minus
1836 2660 2166 2736 hastenus
2198 2683 2319 2757 ap·

270 2764 623 2856 paruerit,
674 2762 747 2835 in
772 2762 975 2833 cansa
1004 2754 1137 2831 snit
1169 2758 1581 2834 deformitas
1611 2758 1854 2853 mnus,
1889 2783 2095 2856 quam
2129 2760 2314 2835 intu-

271 2859 353 2933 lit
388 2861 457 2933 ei
489 2862 740 2937 Paulus
779 2858 1154 2931 Diaconns.
1252 2857 1321 2930 ls
1349 2860 1578 2945 enim,
1615 2858 1910 2953 jubente
1960 2858 2074 2955 (ut
2104 2876 2314 2952 nota·

272 2976 422 3030 tnm
454 2957 799 3053 invenio)
848 2953 1165 3029 Domina
1206 2955 1688 3052 Adilbergha,
1737 2954 2079 3029 Defiderii
2115 2958 2312 3032 Lon«b

270 3057 741 3153 gebardorum
770 3058 955 3151 regis
990 3051 1173 3144 filia,
1226 3052 1303 3128 ἃ
1337 3055 1644 3149 conjuge
1685 3053 1903 3127 Archi
1939 3055 2306 3130 Beneven-

264 3155 421 3227 tani
452 3154 685 3244 dncis,
742 3176 882 3227 non
919 3152 1135 3228 solnm
1167 3150 1469 3227 aufitoris
1511 3155 1711 3249 hujus
1752 3150 2100 3226 historiam
2131 3153 2308 3227 duo-

258 3250 400 3324 bus
444 3254 631 3329 libris
675 3255 814 3329 snis
840 3250 1214 3346 produxit,
1264 3251 1381 3328 sed
1411 3251 1623 3346 ipsam
1669 3273 1853 3346 pene
1893 3274 2170 3348 quoqne
2201 3256 2312 3328 in-

263 3349 518 3436 vertit,
563 3352 733 3426 dum
774 3353 999 3424 multa
1026 3351 1094 3422 ei
1131 3350 1222 3424 de
1263 3349 1383 3422 suo
1410 3348 1721 3440 addidit,
1767 3351 2119 3445 multaque
2154 3352 2306 3442 pas*-

254 3443 387 3519 fim
431 3449 738 3540 ademit,
783 3471 907 3525 ant
950 3448 1386 3544 transposuit.
1488 3447 1568 3523 ld
1612 3447 1797 3543 quod
1830 3470 1968 3540 ego
2005 3470 2167 3519 curn
2212 3468 2306 3522 ex

254 3546 632 3625 collatione
658 3545 1106 3644 integerrimi
1133 3545 1544 3642 exemplaris
1584 3550 1618 3643 (
1669 3545 1805 3622 uod
1839 3543 2306 3619 subministra-

248 3643 367 3716 vit
413 3649 612 3722 nobis
660 3649 757 3721 R.
809 3648 905 3719 D.
940 3645 1187 3719 Abbas
1223 3667 1311 3718 ac
1343 3646 1614 3741 Praepo
1639 3667 1775 3722 ntus
1804 3643 1873 3715 S.
1911 3641 1980 3714 S.
2013 3641 2302 3738 Joannis

244 3735 334 3813 ἂ
360 3743 668 3823 Bavonis
694 3745 885 3842 apud
909 3740 1353 3840 Gaudenses)
1402 3737 2003 3841 deprehendissem
2023 3791 2051 3831 ,
2103 3742 2302 3816 nolui

228 3847 739 3931 committere,
791 3844 969 3939 quin
1017 3860 1160 3915 tarn
1204 3844 1450 3916 utilem
1494 3843 1851 3920 auctorem
1900 3839 2299 3935 integritati

198 3940 399 4022 snae
429 3944 930 4036 restituerem,
973 3940 1476 4085 syncernmuqne
1518 3944 1841 4033 ederem,
1885 3960 1980 4012 ne
2003 3936 2305 4128 p<Zsthacc1

2113 4055 2251 4129 quo
