2870 4628
956 244 2224 352 nssnrcAfroNffs

558 424 805 520 fiffimo
843 422 1190 511 Nemini,
1218 444 1313 496 eo
1335 423 1532 497 cultu
1557 420 1637 498 dr
1665 425 1885 500 'animi
1921 426 2355 503 submiffione
2370 475 2400 519 ,
2431 440 2621 527 quae

553 520 785 600 infimi
827 521 1102 620 generis
1145 521 1510 597 hominem
1539 521 1840 614 decent,
1888 525 2193 602 dicarem
2238 548 2447 622 atque
2487 528 2607 604 ad·

552 623 955 698 scriberem.
1052 618 1258 694 Nihil
1309 621 1684 718 quidquam
1735 646 1895 696 meo
1945 625 2217 721 judicio
2261 627 2608 715 tribuam,-

552 722 743 818 quod
803 719 945 794 seio
978 762 1006 811 9
1064 740 1266 816 quam
1309 741 1554 815 parum
1612 717 1695 792 fit
1748 720 2297 807 confirmatum:
2355 723 2612 801 illustri

552 820 737 898 Viro
780 816 1066 892 censore
1123 815 1289 914 (qui
1340 820 1413 892 in
1469 810 1899 917 Pmentffmi
1943 821 2180 895 Patr-ut·
2233 820 2608 896 Elestomli

552 919 742 992 Aula
785 915 1165 991 Confiliarii
1212 917 1453 990 Intimi
1501 919 1769 990 honore
1821 917 2095 1015 fulgen
2143 921 2386 1016 paribu
2471 944 2602 1013 ue,

554 1017 771 1091 etiam
842 1013 1251 1089 Cancellarii
1301 1006 1552 1089 officiis
1613 1036 1820 1112 atque
1878 1018 2060 1091 curis
2093 1068 2124 1106 ,
2196 1018 2423 1112 Serani
2475 1042 2603 1092 imo

550 1110 874 1204 Parenti,
929 1114 1202 1187 Domino
1243 1130 1378 1187 meo
1413 1112 1942 1212 Clemennffimo,
1993 1139 2189 1191 carus
2231 1116 2394 1214 est)
2437 1140 2601 1191 cum

552 1212 953 1310 praecipuis
983 1210 1490 1304 comparandus
1535 1211 1680 1300 est,
1731 1213 1980 1308 quibus
2014 1214 2350 1312 generosa
2397 1217 2635 1312 inge?⁸

551 1312 671 1386 nia
728 1312 815 1385 ad
877 1303 1672 1407 civilemprudentiam
1741 1328 2113 1410 rerumque
2170 1315 2364 1389 usum
2421 1311 2597 1409 fingi

552 1409 988 1504 formarique
1033 1402 1305 1499 poffint⁴
1370 1404 1563 1481 Nam
1601 1407 1680 1481 <St
1705 1398 2017 1505 jucunda
2053 1412 2439 1499 varietate,
2479 1406 2595 1500 ἃ,

550 1527 632 1581 ut
671 1502 773 1582 ita
799 1507 988 1602 loqui
1016 1507 1267 1594 liceat,
1318 1506 1521 1580 brevi
1556 1507 2003 1581 multitudine
2040 1502 2200 1582 MC'
2218 1532 2552 1582 annorum
2570 1559 2604 1598 ,-

551 1604 632 1680 δι
681 1603 869 1701 quod
916 1604 1260 1690 excurrit,
1312 1590 1664 1695 historias,
1717 1604 2013 1680 infinitis
2062 1604 2324 1681 cafibus
2370 1627 2600 1679 muta<-

546 1705 1002 1799 tionibusque
1044 1700 1477 1793 foecundas,
1529 1701 1683 1778 stilo
1726 1701 2120 1793 succinfiio,
2168 1725 2324 1776 non
2356 1723 2604 1778 autem

547 1802 709 1879 rudi
743 1823 972 1897 neque
1019 1802 1355 1888 barbam,
1401 1799 1558 1888 sed,
1603 1825 1729 1897 pro
1773 1802 1983 1876 seculi
2024 1801 2472 1890 conditione,
2519 1826 2599 1877 e·

548 1900 819 1997 leganti
872 1917 1080 1994 atque
1122 1917 1372 1973 ornato
1408 1951 1430 1988 ,
1499 1897 2009 1997 compleffltur.
2108 1901 2206 1974 Et
2229 1951 2257 1991 ,
2318 1897 2370 1973 fi
2420 1903 2600 1974 alius

550 1996 816 2075 fruc‘tus
851 1997 1081 2072 omnis
1117 1996 1423 2087 abesset,
1473 2015 1708 2070 tamen
1744 1998 1860 2071 vel
1898 1999 2034 2073 hoc
2072 1999 2358 2072 nomine
2400 2020 2596 2071 com-

546 2096 871 2173 mendari
917 2095 1296 2190 Eutropius
1342 2091 1566 2189 pofl‘et
1593 2143 1623 2187 ,
1671 2097 1863 2192 quod
1905 2096 2147 2186 Livii,
2191 2096 2599 2188 Plutarchi,

546 2195 860 2308 Dionis)
912 2193 1205 2282 Taciti,
1259 2193 1639 2283 Suetonii,
1692 2192 2042 2292 Spartiani
2075 2245 2103 2285 ,
2155 2194 2598 2291 Capitolini,

547 2293 937 2386 Lampridii
969 2349 991 2382 ,
1044 2290 1342 2390 Vopisci
1390 2292 1821 2390 aliorumque
1873 2308 2328 2368 monumenta
2371 2294 2595 2368 mari-

546 2417 667 2470 ma
712 2391 790 2467 &
829 2392 1153 2486 copiosa,
1206 2416 1430 2487 parvo
1488 2393 1730 2466 labore
1773 2393 2011 2465 omnia
2062 2395 2133 2466 in
2179 2394 2595 2466 memoriam

484 2527 500 2544 ·
547 2511 948 2568 revocaret.
1068 2490 1176 2563 Eo
1225 2491 1465 2562 animo
1506 2493 1694 2564 enim
1749 2493 1845 2562 ab
1896 2489 2044 2586 ipso
2086 2490 2372 2563 auclore
2421 2505 2590 2565 con*-

546 2593 801 2686 fcripta
841 2589 943 2662 est
986 2588 1163 2660 haec
1204 2586 1605 2675 historiola,
1659 2604 1736 2659 ut
1781 2588 2122 2661 Valentem
2153 2642 2175 2676 ,
2230 2590 2596 2664 Romano·

546 2713 702 2763 rum
744 2686 1135 2782 principem
1174 2681 1252 2755 ὅτ.
1282 2684 1824 2778 imperatorem,
1876 2690 1995 2782 qui
2027 2688 2448 2762 Marcellino
2483 2708 2591 2761 te··

545 2788 686 2875 ste,
737 2784 923 2858 rudis
971 2780 1048 2856 ἀ
1090 2780 1469 2877 subagresti
1505 2784 1796 2877 ingenio
1839 2784 2009 2875 suit,
2057 2787 2359 2879 quodam
2401 2784 2590 2882 quali

547 2883 977 2978 compendio
1038 2881 1126 2957 ad
1195 2882 1662 2975 maximarum
1718 2906 1947 2956 rerum
2005 2881 2369 2958 scientiam
2429 2908 2614 2979 pru·-

546 2984 1000 3078 dentiamque
1060 2979 1464 3054 adduceret.
1578 2980 1790 3076 Cujus
1840 2980 2136 3056 instituti
2194 2981 2592 3060 feliciorem

540 3077 927 3161 succeffum
961 3077 1206 3165 fuiffe,
1258 3103 1347 3151 ne
1386 3078 1744 3168 dubitem,
1789 3079 2226 3176 insequentia
2257 3104 2370 3154 me
2408 3099 2588 3154 tem*

548 3203 721 3281 pora
764 3198 1097 3268 monent,
1149 3178 1395 3274 quibus
1434 3179 1832 3275 quanquam
1872 3182 2100 3253 bonae
2144 3180 2391 3253 literae
2432 3178 2588 3253 fere

544 3279 935 3357 exsularent
962 3327 994 3366 ,
1055 3298 1286 3350 tamen
1344 3277 1821 3373 Eutropianus
1879 3279 2069 3351 labor
2127 3278 2309 3374 apud
2373 3278 2587 3374 pluri-

545 3402 744 3468 mos,
793 3377 1009 3450 etiam
1037 3376 1298 3449 babaro
1322 3374 1661 3471 sanguine
1698 3395 2118 3471 prognatos;
2169 3377 2348 3448 tanti
2382 3374 2585 3450 aesti⁴

543 3496 772 3554 matus
806 3472 947 3565 est,
980 3493 1070 3549 ‘ut
1112 3475 1514 3571 Adelberga,
1565 3472 1911 3548 Desiderii
1961 3474 2587 3567 Langobardorum

543 3577 778 3651 ultimi
825 3576 1009 3667 regis
1053 3573 1241 3662 filia,
1284 3573 1561 3647 Paulum
1595 3569 2013 3666 Warnefredi
2041 3571 2301 3669 filium,
2351 3573 2585 3646 virum

542 3675 648 3752 sui
692 3675 852 3747 aevi
906 3670 1117 3747 facile
1154 3670 1658 3761 doetiffimum,
1705 3693 2030 3768 rogaret,
2078 3688 2156 3746 ut
2208 3672 2582 3766 Eutropia·-

540 3794 712 3848 nam
745 3769 1184 3860 Historiam,
1233 3794 1439 3867 quam
1486 3772 1602 3844 illa
1645 3770 1721 3844 in
1757 3769 2024 3843 deliciis
2062 3770 2410 3858 habebat,
2455 3769 2583 3842 ad·

539 3870 927 3944 ditionibus
959 3870 1304 3943 nonnullis
1347 3868 1729 3942 illustraret.
1781 3891 1989 3966 quem
2020 3869 2430 3964 landulphus
2457 3868 2587 3942 Sa·

537 3991 680 4065 gar
714 3970 986 4044 secutus
1004 4024 1027 4061 ,
1075 3968 1272 4064 plura
1298 3964 1376 4042 ἃ.
1399 3963 1549 4066 ipse
1582 3988 1674 4046 ex
1702 3964 1988 4045 diversis
2012 3967 2406 4138 austoriblus
2440 3968 2587 4134 cosl-

2346 4085 2506 4160 igen
2557 4116 2590 4157 ,
