2870 4628
683 285 1994 382 DEDICATloe
2327 316 2402 393 v·

290 482 701 602 excitant,
802 481 963 586 δι’
1014 508 1583 618 promovent.
1732 484 1958 615 Quo
2025 490 2388 626 quidem

294 638 655 736 nomine
707 632 895 772 ipsi
964 632 1459 769 Eutropius
1514 634 1612 737 &
1671 636 2023 763 Festus,
2092 642 2158 743 fi
2229 635 2381 780 qui

288 801 707 899 manium
773 796 1082 897 sensus
1126 870 1158 914 ‚
1249 793 1636 894 nostrum
1678 869 1711 913 ,
1796 830 2063 932 quam
2131 799 2390 905 suum-

291 948 647 1048 felicius
726 951 1329 1083 praedicarent
1401 980 1772 1070 aevum,
1843 951 1992 1084 qui
2057 950 2381 1053 Princi-

294 1106 386 1236 pi
457 1106 892 1203 omnium
984 1105 1373 1205 omnino
1471 1102 1969 1203 Literarum
2047 1109 2384 1242 experti

298 1291 534 1389 opus
617 1259 873 1358 flium
944 1258 1349 1358 dedicare
1421 1263 1697 1358 coacti
1735 1334 1766 1378 ‚
1866 1294 2102 1361 nunc
2161 1296 2382 1398 quot

302 1409 582 1507 Viros
652 1412 749 1509 in
802 1410 1152 1544 publica
1214 1410 1312 1511 &
1374 1409 1735 1510 literaria
1791 1446 1896 1511 re
1944 1414 2380 1546 principes

310 1561 900 1664 obfenderent
948 1635 981 1681 ‚
1094 1563 1435 1697 quibus=
1533 1560 2027 1664 industriam
2140 1567 2384 1673 suam

310 1721 679 1853 probare
728 1715 1133 1853 possent!
1213 1717 1492 1847 Quod
1551 1706 2132 1855 quamquam,
2207 1724 2383 1820 V1-

236 1881 247 1891 ’
314 1905 457 1977 RI
498 1878 1525 1994 CELEBERR1M1‚
1598 1880 2111 2007 promittere
2161 1880 2380 1981 mihi

330 2061 515 2122 non
561 2029 889 2144 audeo,
920 2029 1401 2165 quidquam
1448 2028 1534 2126 in
1577 2030 2107 2164 Scriptores»,
2147 2067 2374 2168 quos

335 2176 618 2280 Vobis
667 2178 1010 2282 obferre
1070 2180 1556 2316 substineo‚
1623 2217 1672 2281 a
1721 2219 1872 2281 me
1927 2185 2376 2286 conlatum

310 2333 815 2468 desperans,
888 2338 1127 2473 quod
1197 2341 1343 2436 aut
1413 2336 1955 2457 eruditione,
2025 2361 2170 2440 a'ut
2232 2340 2375 2439 ad-

311 2490 708 2588 tentione
778 2486 1097 2588 Vestra
1163 2488 1534 2622 dignum
1598 2486 1759 2605 fit,
1851 2518 1945 2588 ut
2020 2517 2369 2614 tamen,

312 2640 727 2777 quidquid
774 2643 920 2740 hic
988 2674 1384 2756 mearum
1439 2639 2140 2741 lucubrationum
2203 2640 2366 2765 fit,

314 2794 649 2896 Vestris
736 2796 1238 2896 nominibus
1323 2793 1773 2896 inscribam
1812 2870 1844 2916 ‚
1931 2793 2139 2895 facit
2226 2833 2368 2896 ae-

304 2985 585 3085 quum
653 2948 1073 3052 Vestrum
1132 2953 1244 3052 de
1309 2948 1604 3048 alienis
1664 2947 2146 3081 judicium,
2215 2949 2369 3082 def

302 3141 482 3242 que
556 3109 729 3225 iis,
820 3109 973 3242 qui
1033 3105 1574 3241 politioribus
1655 3103 2363 3239 disciplinis'ani-

302 3296 557 3359 mum
615 3259 1092 3378 excolunt,
1164 3260 1388 3359 bene
1449 3258 1840 3358 merendi
1908 3258 2358 3383 voluntaS‚

306 3451 476 3550 qua
528 3400 853 3549 saepius
914 3412 1135 3512 mihi
1191 3444 1544 3548 experta
1612 3412 1700 3510 in
1760 3409 2002 3544 spem
2088 3417 2359 3514 venio

298 3573 546 3692 fore,
589 3605 678 3672 ut
728 3572 945 3672 huic
985 3569 1602 3705 qualicumque
1648 3570 1914 3701 operi
1938 3565 2360 3669 Vestrum

276 3760 461 3828 non
541 3724 1084 3859 denegaturi
1161 3722 1341 3826 fitis
1425 3723 2013 3823 Patrocinium
2052 3794 2084 3840 ‚
2175 3756 2360 3855 quo

233 3885 677 3999 adversim
751 3883 1175 4020 iniquum
1259 3883 1634 3987 aliorum
1696 3878 2108 4019 judicium
2169 3876 2362 4002 fitis}
2417 3949 2430 3954 -

1412 4032 1472 4177 †
1547 4062 1594 4159 3
2181 4057 2374 4130 rnu-
