2870 4628
690 275 1835 357 TESTIMONIA.

225 434 496 511 scribat:
547 432 966 531 Religionis
1016 429 1419 528 Christianae
1461 427 1845 526 Infistator,
1887 434 2159 530 perinde
2194 440 2321 510 ra:

229 560 357 609 mn
382 588 405 625 ,
449 550 522 608 ut
568 560 814 609 cruore
864 530 1257 629 abstineret.
1361 529 1497 604 Sed
1545 530 1641 602 ita
1678 556 1959 632 quoque
2003 535 2305 610 scribere

233 635 448 726 potuit
481 634 784 730 gentiiis
805 689 827 722 ,
859 632 1117 708 saltem
1146 629 1366 727 quiin
1396 627 1709 703 confinio
1741 635 2179 706 tenebrarum
2212 657 2299 708 ac

233 730 395 805 lucis
422 733 908 819 constitutus,
945 753 1086 803 nec
1114 727 1451 825 gentilem
1481 727 1896 819 religionem
1928 731 2311 826 probaret,

237 851 366 903 nec
393 830 835 905 Christianae
863 850 1105 928 tamen
1137 849 1390 900 nomen
1421 823 1752 900 dediffet:
1803 832 2037 926 quales
2068 835 2304 904 saecu·

239 926 384 1000 lum
445 930 612 1003 illud
671 929 928 1003 habuit
979 928 1260 1001 multos.
1362 924 1496 998 Sed
1547 943 1925 1024 utcumque
1973 928 2111 1001 hoc
2156 926 2303 1019 est,

245 1040 610 1120 tempora,
656 1048 738 1100 ut
769 1028 1123 1113 vidimus,
1171 1045 1291 1099 eos
1332 1022 1703 1114 refellunt,
1751 1029 1869 1119 qui
1906 1025 2299 1124 Augustino

247 1125 662 1220 Eutropium
694 1123 963 1199 faciunt
983 1123 1358 1221 juniorem.
1439 1109 1710 1218 Stylum
1745 1122 1793 1195 fi
1826 1121 2125 1219 spe-Stes,
2175 1123 2298 1220 pa·

252 1244 400 1294 rum
441 1222 539 1297 est
585 1224 1015 1297 concinnus:
1065 1220 1186 1294 sed
1224 1221 1362 1295 hoc
1404 1221 1667 1309 aetati,
1716 1244 1859 1317 qua
1902 1222 2126 1309 vixit,
2180 1224 2298 1298 tri-

253 1321 562 1395 buamus.
673 1324 818 1395 Res
847 1343 1017 1396 vero
1047 1321 1224 1415 ipsas
1258 1319 1689 1413 compendio
1730 1321 1892 1393 satis
1926 1324 2307 1410 commodo,

250 1419 688 1494 constrinxit.
794 1422 971 1494 Sane
1007 1416 1256 1518 quanti
1293 1419 1335 1489 a
1367 1418 1661 1491 Graecis
1692 1417 1846 1492 fieri
1880 1420 2130 1507 soleat,
2182 1421 2299 1494 vel

250 1537 667 1613 argumento
696 1518 868 1592 iilud
890 1519 1025 1591 erit
1041 1557 1078 1608 ,·
1100 1516 1284 1614 quod
1313 1515 1569 1611 Capito
1597 1515 1961 1590 historicus
2001 1517 2256 1614 Lycius
2276 1573 2301 1610 ,

255 1620 589 1705 epitomes
639 1618 973 1713 Eutropii
1016 1613 1392 1710 μοταίφρκιι
1453 1609 1797 1710 scripserit
1849 1616 2160 1690 Graece:
2212 1639 2301 1692 ut

253 1717 477 1789 Suidas
521 1717 744 1790 docet
789 1718 864 1790 in
909 1717 1207 1790 κακίων.
1306 1715 1464 1786 Imo
1504 1711 1582 1788 δι
1619 1715 1987 1804 simlerus,
2032 1716 2104 1787 in
2146 1716 2295 1811 Ap-

253 1815 542 1908 pendice
583 1791 1071 1890 bibliothecae
1114 1810 1456 1901 Gesneti,
1517 1811 1803 1888 testatur
1834 1869 1856 1902 ‚
1922 1815 1995 1888 in
2045 1814 2297 1889 biblio·

254 1913 456 1986 theca
489 1915 567 1985 P.
601 1913 885 1986 Pithoei
935 1918 964 1966 ¹
1010 1909 1277 1986 exstare
1313 1919 1573 1984 natante
1609 1912 1983 2004 μινᾶφραηο
2024 1912 2295 1988 Roma-

257 2030 390 2082 nae
419 2011 737 2103 Eutropii
765 2010 1119 2085 historiae.
1196 2012 1308 2085 Ac
1338 2008 1555 2083 video
1588 2014 1933 2107 quaedem
1956 2029 2053 2081 ex
2084 2014 2294 2084 Paea-

253 2108 375 2179 nio
405 2107 549 2181 hoc
578 2109 776 2181 citari
802 2109 842 2182 'a
869 2111 1250 2207 scaligero.
1303 2108 1751 2202 Compendio
1773 2110 2091 2202 Eutropii
2130 2111 2295 2181 Pau·

253 2205 358 2279 lus
391 2208 792 2296 Diaconos,
839 2208 1030 2280 malo
1072 2206 1233 2282 sane
1276 2206 1649 2300 exemplo,
1700 2205 1817 2278 sua
1860 2202 2167 2292 inferfit3
2217 2226 2299 2280 ut:

248 2304 471 2403 liquet
503 2329 594 2380 ex
628 2305 955 2380 undecim
992 2306 1232 2403 primis
1263 2303 1627 2381 Historiae
1655 2302 2023 2378 Miscellae
2058 2303 2295 2380 libris:

250 2405 340 2478 de
384 2404 632 2503 quibus
675 2405 1032 2494 dicemus,
1080 2428 1240 2479 cum
1281 2403 1696 2477 ad·Paulum
1726 2405 2124 2477 Diaconum
2169 2405 2295 2478 de-

249 2524 537 2577 ventum
571 2505 730 2577 erit.
781 2504 1126 2578 Meminit
1154 2502 1230 2577 ἃ
1258 2502 1584 2597 Eutropii
1625 2501 1816 2576 Beda
1847 2501 2033 2577 Hist.
2070 2504 2184 2575 An
2244 2505 2299 2577 1:

251 2602 397 2674 Lib.
432 2605 487 2675 1.
539 2627 604 2676 e.
643 2625 746 2675 ιι.
793 2600 912 2689 δι,
962 2602 1081 2696 qui
1120 2602 1394 2675 saeculo
1445 2620 1601 2673 toto
1644 2601 1828 2674 Beda
1866 2601 2103 2698 junior
2145 2522 2293 2693 effi,

253 2700 676 2774 Hincmarus
701 2698 1106 2774 Rhemenfis
1122 2754 1142 2787 ,
1162 2698 1496 2795 opusculo
1524 2697 1611 2772 ad
1629 2699 2090 2773 Hincmarum
2108 2701 2291 2775 Lau·-

256 2799 623 2873 duuensem
665 2821 817 2895 cap.
847 2821 1016 2872 xvt.
1056 2799 1177 2873 ubi
1206 2801 1299 2872 de
1330 2795 1613 2870 castello
1635 2800 1971 2871 Lauduno
2000 2800 2295 2897 loquens

257 2898 378 2970 ait:
429 2951 478 2985 ‚,
510 2897 769 3000 Quod,
817 2895 990 2970 ficut
1021 2898 1438 2992 Eutropius,
1490 2897 1812 2993 antiquus
1845 2894 2290 2995 historiogra-

191 3032 196 3039 ·
263 3048 308 3082 „
351 2994 1087 3090 pbus‚dicit‚au&ore
1105 2996 1515 3069 Marcobrio
1542 3014 1867 3089 praetore
1891 2998 2288 3085 conditum,

265 3145 310 3182 „
354 3097 436 3165 ab
483 3095 780 3167 exordio
823 3094 923 3166 sui
970 3093 1047 3167 in
1092 3094 1506 3191 paganismo
1538 3093 1723 3166 inter
1753 3093 2120 3182 civitates,
2174 3098 2297 3171 vel

270 3247 311 3275 ‚,
352 3193 820 3284 provinciales
853 3193 1365 3280 sedes,nomen
1408 3188 1488 3264 &
1522 3189 1749 3264 locum
1782 3214 1924 3264 non
1963 3191 2288 3265 habuit.'’

268 3290 445 3362 Facit
474 3289 546 3362 δι
579 3291 1018 3363 mentionem
1054 3288 1479 3364 Flodoardus
1508 3287 1768 3362 Pontis.
1804 3293 2005 3365 Rem.
2050 3290 2208 3367 Lib.
2232 3291 2288 3363 Ι.

268 3410 404 3481 cap.
431 3411 477 3460 1.
510 3386 586 3461 ἃ
618 3390 770 3461 Leo
802 3387 1134 3461 Ostiensis
1184 3387 1336 3501 <qui
1366 3386 1598 3459 Alexii
1624 3386 1696 3461 ἃ
1728 3388 2024 3462 Henrici
2055 3390 2291 3483 Impp.

264 3489 674 3583 temporibus
699 3486 869 3586 fuit)
898 3487 1231 3562 Chronict
1249 3482 1625 3589 Catinensis
1657 3485 1813 3560 Lib.
1832 3488 1886 3559 1.
1921 3508 2078 3579 cap.
2098 3506 2284 3659 κνὸ.

2250 3605 2295 3658 e

329 3787 362 3841 5
403 3771 596 3835 Codex
624 3774 728 3835 iste
758 3772 914 3833 idem
941 3770 1164 3832 videtur
1189 3774 1299 3835 ess'e
1327 3789 1457 3834 cum
1491 3789 1562 3831 eo
1588 3769 1749 3840 cuius
1782 3765 2152 3845 meminerunt
2185 3763 2295 3824 Ca-

253 3844 428 3915 talogi
453 3851 840 3911 bibliothecae
866 3851 1209 3911 navariensis
1232 3852 1330 3927 qui
1356 3866 1511 3909 anno
1536 3863 1738 3906 moen.
1765 3843 2131 3915 prodierunt,
2154 3842 2295 3901 duo-

253 3925 435 3983 decim
472 3941 672 4002 nempe
708 3930 873 3987 annis
912 3925 1037 3998 post
1069 3928 1380 3991 editionem
1413 3925 1701 3985 Historiae
1728 3922 2019 3983 Romanae
2047 3920 2299 3994 Scripto-

246 4018 369 4061 rum
399 4004 747 4066 Graecorum
776 4000 1229 4080 symmgianam.
1386 4081 1428 4122 2,
1449 4082 1487 4123 ¹,
1539 4078 1629 4120 μ,
1679 4096 1719 4170 3
