2870 4628
549 288 671 355 m.
1045 258 2158 381 PRAEFATIO.

549 431 670 519 cui
712 423 1226 512 adsentiuntur
1261 428 1433 531 alii,
1473 427 1906 533 audiamus,
1964 432 2293 520 invidiae
2337 432 2580 522 caussa

546 542 735 649 fuit,
797 538 1004 648 quod
1061 540 1258 626 albis
1303 547 1510 653 equis
1556 547 1633 623 in
1699 544 2083 651 triumpho
2144 549 2303 631 usus
2353 551 2580 647 effet,

549 658 600 765 (
628 654 795 739 Liv.
870 653 965 736 L.
1002 678 1071 734 v.
1131 680 1193 740 c.
1236 677 1488 736 xxm.
1548 654 1741 737 Plut.
1801 658 1880 738 in
1937 657 2151 741 Cam.
2209 687 2282 766 p.
2344 664 2580 767 132.)

547 768 659 850 Ut
679 789 1065 874 perperam
1087 761 1185 847 ad
1213 764 1561 849 Curtium
1603 763 2006 851 &Florum
2042 791 2267 880 neget
2287 770 2580 855 Freins-

550 879 843 963 hemius
885 877 1287 961 Camillum
1345 873 1476 959 fibi
1554 878 1652 961 ab
1721 878 1868 963 boc
1921 877 2145 964 facto
2219 883 2582 968 invidiam

549 986 947 1089 conflasse,
1002 991 1176 1095 quia
1212 990 1405 1071 inter
1460 992 1819 1094 triumphi
1857 992 2214 1077 solemnia
2249 1016 2462 1076 erant
2502 1020 2583 1077 e-

550 1105 679 1212 qui
721 1101 888 1186 albi.
949 1098 1187 1205 Quod
1225 1096 1275 1181 fi
1316 1126 1573 1184 verum
1615 1102 1835 1200 esset,
1879 1129 2141 1186 eorum
2186 1104 2384 1189 usum
2430 1115 2576 1211 jam

549 1235 730 1299 ante
766 1215 1068 1298 Camilli
1108 1234 1454 1314 tempora
1508 1211 2282 1302 fuisse-statuendum:
2358 1217 2580 1301 Unde

376 1370 383 1383 ·
549 1327 825 1412 erroris
860 1325 1196 1435 arguitur
1219 1325 1384 1405 Vir.
1412 1324 1720 1408 Doelissss
1766 1326 1862 1408 'ab
1892 1327 2233 1433 Ampliff.
2274 1330 2582 1439 Cupero

548 1438 649 1523 ad
703 1436 1123 1521 Audlorem
1168 1434 1271 1518 de
1329 1435 1716 1520 Mortibus
1767 1438 2036 1523 Persec.
2113 1464 2175 1522 c.
2253 1444 2373 1526 16.
2449 1444 2577 1546 qui

547 1573 808 1633 tamen
830 1608 855 1647 ,
881 1573 1111 1654 quum
1134 1573 1266 1631 eos
1290 1548 1695 1632 Camillum
1723 1551 2045 1656 primum
2077 1553 2154 1632 in
2179 1552 2577 1657 ‘triumpho

545 1656 952 1747 adhibuisse
993 1657 1191 1743 redte
1235 1660 1626 1756 observat,
1692 1688 1866 1744 cum
1903 1663 2064 1744 aliis
2109 1662 2209 1745 V.
2254 1665 2356 1746 D.
2397 1661 2575 1749 dein

542 1776 782 1858 moris
850 1770 1107 1872 fuisse,
1182 1791 1268 1853 ut
1327 1771 1878 1878 triumphantes
1928 1775 2113 1855 albis
2164 1798 2372 1880 equis
2419 1797 2579 1858 ute·

545 1906 853 1986 rentur,
890 1883 1312 1990 opinatur,
1371 1909 1693 1991 cumque
1732 1886 2067 1993 pluribus
2097 1885 2573 1973 Plutarchum

542 1998 817 2082 erroris
854 1997 1172 2095 incusat,
1228 1996 1711 2097 scribentem,
1769 2000 2056 2085 nullum
2095 2019 2271 2081 ante
2297 2000 2581 2081 Camil-

542 2115 702 2197 lum
743 2134 905 2192 non
953 2109 1235 2207 solum,
1305 2106 1425 2191 fid
1479 2111 1706 2191 etiam
1758 2110 2292 2216 insequentium
2337 2114 2578 2217 lmpe·

540 2228 882 2307 ratorum
938 2221 1044 2303 ita
1101 2216 1598 2329 triumphaffe.
1719 2220 2010 2304 Verum
2072 2243 2572 2333 argumenta,

542 2337 814 2442 quibus
836 2336 1035 2419 suam
1055 2333 1503 2438 opinionem
1548 2333 1737 2417 tueri
1758 2356 2150 2434 conatur,a
2173 2335 2423 2416 Poetis
2445 2361 2575 2442 pe.

542 2452 683 2531 tita
730 2443 781 2528 fi
821 2441 1249 2543 audienda,
1283 2453 1428 2549 jam
1461 2445 1871 2527 Romulum
1892 2443 2260 2548 ejusmodi
2306 2446 2573 2529 trium-

540 2561 777 2670 phum
812 2553 1033 2668 egiss'e
1051 2552 1537 2638 credendum.
1561 2555 1783 2664 Prop.
1824 2554 1913 2642 L.
1940 2579 2042 2637 lv.
2071 2556 2181 2643 El.
2223 2582 2282 2641 1.
2310 2557 2402 2641 vs
2439 2584 2566 2665 31.

774 2721 1130 2829 Quatuor
1170 2715 1344 2804 hinc
1376 2718 1583 2806 albos
1621 2719 1998 2822 Romulus
2039 2722 2193 2837 egit
2230 2747 2483 2832 equ03.

650 2885 834 2973 Scio
882 2880 1186 2991 quidem
1229 2882 1507 2968 Virum
1547 2883 1664 2968 Cl.
1703 2912 1944 2995 nuper
1979 2888 2164 2971 octo
2204 2888 2572 2996 Propertii

543 3001 788 3088 versus
823 2997 1023 3081 secus
1061 2992 1515 3106 disposuisse,
1571 2996 1654 3081 &
1688 3025 1833 3107 pro
1857 2997 2017 3085 .hoc
2061 3001 2209 3115 legi
2249 2996 2607 3086 maluisse·

574 3159 583 3168 '
714 3161 1068 3268 Quatuor
1120 3161 1299 3254 hinc
1333 3162 1547 3249 alter
1585 3163 1959 3254 Romulus
2015 3163 2172 3279 egit
2208 3191 2469 3276 equoe.

543 3331 719 3440 quia
756 3353 916 3411 non
964 3325 1212 3425 videt,
1247 3355 1380 3414 cur
1420 3340 1650 3435 poeta
1688 3326 2211 3415 Lucumonem
2239 3343 2572 3440 'praepo-

548 3464 684 3526 nat
720 3441 963 3525 Tatio
1004 3439 1089 3524 &
1132 3442 1516 3542 Romule,
1572 3461 1700 3523 aut
1744 3467 1927 3524 oves
1970 3444 2193 3524 armis
2232 3443 2569 3548 misceat,

550 3558 678 3662 qui
720 3573 924 3637 totus
964 3551 1040 3635 in
1084 3579 1182 3636 eo
1216 3553 1369 3654 est,
1420 3572 1505 3636 ut
1544 3548 1804 3635 fictiles
1837 3550 2065 3655 deos,
2124 3555 2296 3639 vilia
2330 3556 2573 3659 sacra,

548 3667 848 3774 pellitos
905 3684 1152 3773 patret
1179 3721 1205 3761 ,
1260 3660 1466 3746 nuda
1503 3661 1678 3746 sude
1712 3687 2047 3747 armatos
2091 3667 2359 3749 milites
2403 3694 2579 3753 nar-

547 3799 704 3874 ret,
752 3779 879 3882 qui
932 3802 1120 3887 ergo
1156 3775 1243 3857 &
1278 3774 1483 3858 unde
1524 3773 1663 3857 hos
1714 3776 1908 3859 inter
1950 3777 2095 3859 albi
2133 3781 2351 3886 equi?
2406 3778 2526 3863 sed
2542 3833 2580 3876 ,

547 3894 724 4004 quia
777 3891 857 3974 in
911 3907 1065 3978 tam
1101 3887 1397 4008 exiguis
1449 3885 1720 3997 rebuS,
1776 3888 1885 3983 uti
1923 3909 2084 3977 tum
2136 3911 2350 3994 erant
2383 3908 2588 3998 tem-2

2337 4029 2560 4119 pota,
