2870 4628
538 270 706 354 Ἧι
1024 252 2168 354 ΡΚΆΕἙΑΤῙΟ.·

545 426 827 546 galenii
868 419 1319 535 Eutropium
1363 430 1804 547 castigatum
1841 430 1926 515 &
1965 459 2237 538 purum
2282 455 2586 544 quoque

543 550 751 660 typis
795 540 1210 653 descripfit‚
1268 544 1558 653 suisque
1619 543 2424 632 Animdveriionibus
2470 554 2584 632 in-

542 657 882 743 lustravit
919 659 1030 740 El.
1083 658 1430 740 Vinetus.
1564 659 1787 745 Hanc
1847 656 2044 741 Edit.
2102 657 2352 745 uiibus
2394 654 2585 746 ‘meis

543 770 907 857 conceffit
959 771 1079 853 Cl.
1135 771 1205 885 J.
1268 768 1366 853 H.
1407 762 1783 886 Jungi'us,
1833 773 2324 857 conciliatore
2377 777 2580 857 lnlu-

544 883 895 969 strisfimo
975 881 1514 968 Mecrmanno.
1657 884 1761 966 Ut
1798 946 1824 987 ‚
1929 884 2580 992 quemadmodum

538 995 1043 1086 Schonhovio
1078 998 1320 1102 prima
1361 998 1522 1080 laus
1561 993 2152 1105 debetur,quod
2191 1001 2577 1109 integrum

543 1109 1446 1215 exhibueritScriptorem
1474 1168 1497 1210 ,
1535 1112 1887 1218 proxima
1915 1109 2208 1196 Vineto
2242 1113 2581 1195 tribuen-

536 1222 647 1326 da
687 1221 823 1332 fit,
879 1221 1006 1331 qui
1046 1223 1334 1328 primus
1372 1248 1547 1305 eum
1589 1219 2019 1308 inlustrarit.
2133 1223 2581 1308 Luculentis

540 1358 795 1424 autem
856 1335 943 1418 δι
1015 1332 1522 1418 eruditiffimis
1594 1337 1800 1419 notis
1874 1331 2244 1423 Nostrum
2306 1336 2577 1423 ditavit

546 1452 787 1538 Henr.
812 1447 1288 1553 Glareanus,
1312 1457 1522 1550 cujus
1559 1444 1795 1533 editio
1830 1449 2074 1556 prima
2110 1446 2394 1561 prodiit
2413 1450 2576 1536 Fri-

544 1562 769 1676 burgi
793 1562 1160 1671 Brisgoae
1183 1618 1209 1663 ,
1238 1563 1342 1643 uti
1371 1561 1754 1659 Fabricius
1772 1558 2121 1664 testatur,
2165 1563 2574 1647 Auuomv.

540 1677 759 1764 Haec
814 1673 997 1760 mihi
1056 1699 1221 1759 non
1274 1674 1467 1778 visa,
1523 1672 1647 1759 sed
1680 1700 1848 1785 quae
1887 1671 2103 1759 Bam.
2146 1673 2350 1771 apud
2387 1675 2576 1760 Fro-

543 1789 858 1875 benium
918 1790 1021 1872 A.
1063 1809 1373 1871 Motrx.
1430 1789 1748 1893 repetita
1799 1784 1949 1889 est,
2006 1785 2093 1871 δι
2144 1785 2576 1875 Glareanac

542 1902 818 2013 prioris
837 1960 866 1995 ,
882 1898 1353 1986 Schonhovii
1379 1928 1470 1983 ac
1493 1900 1755 1984 Vineti
1779 1896 2333 1986 Praefationem
2360 1927 2576 2012 prae-

543 2014 741 2119 fert,
793 2014 1059 2097 Vineti
1096 2011 1180 2094 &
1221 2011 1585 2097 Glareani
1626 2012 1830 2097 notis
1885 2011 1985 2095 ad
2039 2015 2325 2097 calcem
2372 2011 2577 2119 adje-

540 2134 703 2218 cus.
801 2124 1273 2216 Schonbovii
1310 2151 1497 2208 vero
1533 2123 1622 2208 &
1659 2125 1925 2208 Vineti
1962 2125 2194 2210 Editt.
2235 2154 2409 2212 cum
2449 2154 2580 2211 eo-

540 2240 892 2335 rumdem
946 2236 1552 2324 Praefationibus
1594 2230 1750 2323 fine
1802 2239 2008 2322 notis
2059 2238 2238 2323 dein
2291 2240 2580 2345 saepius

543 2362 867 2448 aliorum
915 2354 1388 2461 Scriptorum
1434 2353 1740 2458 corpori
1798 2351 2099 2433 insertas
2153 2349 2575 2458 depreben-

539 2472 623 2558 di
646 2464 1339 2579 ,quemadmodum
1376 2465 1573 2545 inter
1607 2461 1887 2545 Varios
1923 2459 2299 2546 Historiae
2335 2465 2570 2548 Rom.

540 2587 964 2692 Scriptores
999 2577 1273 2684 partim
1299 2574 1684 2670 Graecos,
1711 2575 1983 2681 partim
2012 2574 2331 2660 Latinos
2364 2577 2573 2684 apud

540 2699 787 2784 Henr.
853 2689 1328 2798 Stephanum
1381 2683 1741 2794 inprcss’os
1799 2690 1904 2772 A.
1959 2710 2395 2774 Movam.
2456 2697 2569 2777 8⁰.

531 2809 624 2895 &
688 2803 950 2893 Aurel.
1017 2801 1311 2886 Allobr.
1374 2801 1472 2884 A.
1536 2821 1908 2886 Mucxlx.
1968 2798 2100 2885 fol.
2175 2802 2370 2885 inter
2410 2800 2574 2887 Vc..

534 2943 737 3008 teres
805 2910 1178 3002 Historiae
1254 2914 1658 2997 Romanae
1730 2914 2152 3020 Scriptores
2222 2915 2570 3001 Latinos..

538 3035 700 3125 Sed
762 3025 1193 3132 hujusmodi
1254 3028 1509 3135 plures
1565 3028 1941 3110 recensere
1992 3028 2178 3109 nihil
2248 3024 2571 3114 adtinet.

534 3144 699 3237 Etsi
746 3146 799 3230 S
864 3141 1260 3252 lburgiana
1305 3137 1448 3222 Ed.
1494 3165 1655 3222 non
1706 3138 2369 3246 praetermittenda
2409 3138 2570 3243 est,

528 3287 730 3371 quae
866 3249 1151 3341 rancofi
1223 3275 1794 3339 Monxxxvm.
1893 3252 2089 3335 inter
2163 3251 2575 3337 Romanae

527 3372 912 3466 Historiae
948 3370 1373 3474 Scriptores
1408 3365 1732 3449 Latinos
1765 3365 2117 3448 Minores
2150 3365 2252 3448 T.
2285 3389 2372 3448 ιι.
2417 3368 2575 3451 Eu..

524 3487 869 3596 tropium
918 3507 967 3568 e
1019 3480 1291 3565 Vineti
1345 3476 1683 3562 editione
1719 3504 1894 3563 cum
1929 3474 2574 3583 Schonhoviana,

528 3620 1091 3704 nonnunquam
1136 3589 1221 3675 δι
1259 3618 1432 3676 cum
1472 3584 1870 3676 Bafileenfi
1926 3592 2313 3677 conlatum
2358 3593 2575 3675 exhi-

524 3714 678 3801 bet.
803 3711 1013 3794 Nam
1073 3702 1286 3814 quod
1322 3730 1368 3787 e
1403 3703 1467 3790 F
1472 3701 1756 3788 uldenfi
1802 3704 2002 3789 Cod.
2044 3704 2221 3790 MS.
2259 3703 2577 3816 castiga.

526 3847 693 3916 tum
741 3820 1191 3929 Eutropium
1248 3843 1460 3902 nunc
1510 3814 1815 3901 edidiss'e
1868 3815 2362 3933 Sylburgium
2419 3838 2575 3901 tra-

528 3940 649 4040 dit
687 3938 808 4027 Cl.
829 3932 1256 4042 Fabricius,
1306 3931 1389 4017 in
1424 3956 1525 4019 eo
1558 3931 1801 4045 lapsus
1838 3931 1992 4045 est,
2047 3950 2134 4021 ut
2187 3925 2386 4016 redte
2441 3927 2579 4150 Ιὲιὲ
