2870 4628
2362 129 2403 157 s

984 287 2252 380 DEDIC'ATIONES

585 457 663 534 in
672 450 1103 553 fugientibus
1128 451 1453 552 mutans)
1508 448 1594 536 δ’
1614 477 1759 526 cum
1784 449 2100 549 instarent
2120 455 2354 528 Parthi
2357 454 2494 555 fug
2505 463 2641 531 ibn-i

585 560 808 640 ribus,
858 548 993 648 ipse
1028 569 1146 645 pro
1181 552 1349 624 visto
1383 548 1656 648 recffr.
1765 553 1930 650 Pag.
1964 560 2132 643 486.
2183 552 2274 628 de
2318 554 2641 633 Parthica

587 650 851 754 Juliani
885 670 1105 747 agens
1136 647 1595 743 expeditione
1624 651 1901 740 scribit,
1950 655 2058 724 cui
2088 654 2487 747 expeditioni
2522 677 2642 752 ego

585 754 949 845 Eutropius
987 770 1220 845 qnoque
1259 745 1563 840 interfui.
1618 749 1804 845 quod
1842 772 1930 823 an
1971 751 2060 823 ab
2102 749 2251 846 ipso
2290 753 2639 848 Eutropio

582 850 670 930 fit
694 846 999 924 dubitari
1026 842 1295 942 potest,
1345 843 1679 919 insertum
1707 845 1893 923 forte
1921 849 2010 921 ab
2041 871 2169 936 eo,
2223 851 2341 947 qui
2371 869 2641 925 metue·

586 954 750 1035 bat,
779 970 872 1021 ne
900 946 1169 1021 Paullus
1200 945 1562 1018 Diaconus
1580 997 1601 1032 ‚
1639 946 1839 1043 cujus
1866 945 2351 1023 additamenta
2379 947 2639 1024 fatetur

582 1049 661 1125 in
690 1046 834 1120 fine
870 1044 939 1118 se
975 1040 1349 1130 addidifl‘e,
1401 1043 1517 1117 hic
1547 1045 1636 1117 ab
1672 1047 1917 1140 ignaro
1957 1043 2213 1120 lectore
2240 1069 2332 1120 eo
2362 1065 2639 1144 tempo·

581 1170 666 1223 re
701 1141 954 1217 vixisse
987 1141 1409 1216 crederetur.
1517 1143 1755 1216 Paullo
1785 1142 1942 1239 post
1968 1144 2348 1238 inconsultis
2367 1148 2641 1241 praeliis

586 1244 830 1321 scribit
866 1243 957 1318 de
994 1241 1312 1336 Juliano‚
1360 1262 1495 1335 pro
1524 1240 1943 1337 inconsultius
1961 1246 2256 1338 praeliis.
2349 1246 2638 1317 Memo-

581 1345 736 1419 riae
753 1364 933 1414 vero
955 1336 1378 1437 ampliffimae
1402 1339 1700 1427 laudern,
1720 1345 2150 1430 nonltantum
2172 1338 2639 1440 tenaciffimae,

591 1443 872 1540 Juliano
901 1437 1145 1511 tribuit
1172 1460 1335 1536 pag.
1352 1446 1521 1528 488.
1553 1437 1628 1512 δι
1653 1437 1956 1536 denique
1976 1444 2249 1515 nimium
2275 1463 2436 1515 cum
2454 1441 2636 1515 Vul-

584 1539 770 1637 gatis
819 1534 1310 1610 insectatorem
1361 1535 1794 1611 Christianae
1845 1537 2244 1633 Religionis
2296 1555 2515 1611 vocat
2562 1559 2638 1633 p.

583 1647 754 1729 489.
810 1632 932 1708 Est
959 1655 1134 1706 vero
1162 1634 1280 1707 ille
1297 1634 1539 1709 Codex
1569 1633 1858 1731 scriptus
1889 1637 1956 1710 in
1980 1637 2404 1710 Membrana
2432 1637 2508 1708 in
2526 1644 2636 1728 4⁰.

585 1735 815 1810 forma
844 1732 1147 1828 majore,
1188 1732 1477 1829 jamque
1503 1733 1718 1824 olim,
1754 1733 1921 1807 dum
1952 1757 2114 1808 cum
2147 1731 2409 1807 Ifidoro
2437 1755 2639 1809 cotn-

584 1835 1039 1932 pingeretur,
1083 1829 1347 1927 aliquot
1376 1853 1467 1904 ex
1513 1832 1634 1904 illo
1674 1832 2166 1929 quaterniones
2194 1830 2479 1905 fuerunt
2510 1832 2638 1907 de·

584 1929 967 2017 fideratae‚
994 1954 1035 2001 a
1064 1928 1300 2002 Marci
1321 1929 1590 2003 Aurelii
1610 1930 1951 2004 videlicet
1980 1930 2370 2026 principio,
2419 1951 2641 2029 usque

585 2028 678 2103 ad
721 2026 1155 2103 Diocletiani
1193 2026 1413 2100 vitam
1453 2027 1801 2122 privatam
1828 2079 1856 2118 ,
1907 2025 2052 2101 five
2089 2028 2177 2102 ad
2223 2029 2346 2102 lib.
2378 2051 2450 2102 x.
2548 2031 2639 2104 In

584 2127 731 2202 fine
761 2125 922 2200 libri
950 2126 1051 2199 ita
1077 2125 1410 2221 scriptum
1441 2124 1564 2200 est.
1669 2128 1820 2199 Huc
1849 2149 2040 2222 usque
2066 2131 2135 2199 hi
2192 2132 2363 2202 orias
2389 2146 2643 2221 compo-

583 2231 688 2300 nit
720 2225 1115 2321 Eutropius,
1162 2228 1268 2296 cui
1298 2239 1520 2297 tamen
1549 2226 1767 2321 aliqua
1794 2225 2053 2321 Paulus¹
2180 2249 2414 2300 acanus
2450 2227 2640 2317 addi·

586 2329 710 2400 dir.
814 2323 974 2398 Post
1002 2345 1179 2420 quae
1208 2323 1475 2420 reliqua
1503 2345 1592 2397 ex
1622 2326 1952 2398 Diacono
1985 2323 2381 2420 sequuntur.

687 2420 919 2498 Orofii
948 2444 1226 2518 quoque
1261 2422 1495 2497 editor
1524 2420 2012 2496 eruditiflimus
2047 2439 2210 2497 ante
2240 2438 2521 2497 centum
2553 2421 2638 2499 ἀ

584 2523 775 2619 quod
804 2519 1111 2595 excurrit
1139 2543 1396 2609 annoS‚
1427 2520 1831 2593 Franciscus
1860 2520 2212 2594 Fabricius
2246 2518 2639 2595 Marcodu-

586 2643 841 2708 ranus,
890 2619 962 2690 in
997 2615 1368 2690 terfiffimis
1407 2617 1545 2691 suis
1584 2617 1672 2689 ad
1707 2616 2089 2697 Auc‘torern
2132 2621 2326 2692 illum
2364 2619 2590 2692 Notis
2606 2674 2637 2710 a,

585 2720 751 2793 MS.
788 2714 1112 2809 Eutropii
1144 2717 1576 2788 mentionem
1617 2713 1832 2802 facit,
1882 2739 2093 2812 quem
2134 2718 2278 2813 ipse
2310 2713 2635 2808 poffede-

583 2817 699 2888 rit.
753 2815 1012 2888 Scribit
1042 2812 1226 2886 enim
1256 2811 1343 2885 ad
1381 2833 1596 2906 caput
1612 2834 1683 2903 4.
1724 2814 1881 2887 libri
1913 2838 1943 2889 1
1963 2838 2023 2888 1.
2069 2817 2142 2887 in
2174 2817 2347 2887 haec
2377 2812 2637 2891 verba:

583 2916 762 2987 Nam
792 2936 932 2984 cum
953 2911 1302 3007 Eutropius
1312 2908 1702 3006 firipliffit,
1720 2910 1999 2986 Romam
2028 2914 2345 2986 conditam
2361 2934 2461 2985 xr.
2495 2913 2644 2988 Ka-

587 3014 752 3087 lend.
789 3013 1062 3105 Majas,
1114 3011 1517 3105 Olympiadis
1538 3008 1781 3105 fixtae
1808 3034 1976 3084 anno
2012 3016 2247 3098 tertio,
2304 3033 2640 3099 ccccxxx.

578 3108 720 3207 poli
756 3108 987 3205 Trojae
1016 3110 1376 3181 excidium:
1425 3110 1648 3182 deinde
1678 3110 1923 3184 Paulus
1950 3109 2641 3206 Diaconussubjecitss

583 3207 760 3299 live,
808 3225 879 3279 ut
908 3209 1122 3302 placet
1154 3205 1411 3301 Oresio,
1448 3229 1773 3282 ccccx1v.
1828 3208 2091 3297 Addit,
2140 3209 2287 3281 Scio
2316 3209 2475 3280 haec
2503 3210 2645 3281 ali-

587 3326 689 3379 rer
725 3303 809 3390 &²
839 3309 1031 3401 vulgo
1072 3307 1238 3401 legi,
1289 3303 1374 3389 ἐξ
1402 3330 1444 3379 a
1472 3306 1861 3380 Schonbovio
1904 3308 2116 3379 edita:
2149 3306 2278 3402 fid
2283 3305 2514 3401 sequor
2534 3305 2642 3400 fi-

585 3408 724 3478 dem
752 3409 879 3485 mei
916 3406 1106 3478 Libri
1133 3408 1455 3499 Antiqui,
1505 3410 1574 3477 in
1604 3430 1719 3500 quo
1751 3408 2056 3507 Eutrosqii
2090 3402 2355 3498 historia
2391 3408 2491 3478 ita
2520 3406 2640 3477 de·

567 3504 829 3601 scripta
861 3529 893 3574 e
970 3559 990 3592 ,
1041 3519 1114 3575 ut
1148 3527 1306 3598 quae
1338 3505 1584 3578 Paulus
1620 3505 1865 3597 adjecit
1905 3505 2084 3577 illius
2124 3508 2401 3577 nominis
2435 3522 2642 3599 appe-

570 3602 814 3696 fitione
866 3600 1319 3697 mtfiparata.
1387 3601 1750 3676 Hactenus
1781 3602 2161 3675 Fabricius.
2216 3601 2431 3709 Quod
2461 3623 2645 3679 con-

587 3701 812 3774 filium
853 3699 1164 3775 secutum
1208 3699 1423 3773 video
1468 3696 1731 3773 Clariff.
1772 3698 2051 3773 Ludov.
2089 3702 2260 3774 Ant.
2300 3698 2643 3774 Murato-

587 3802 806 3886 rium‚
832 3801 947 3893 qui
981 3800 1052 3872 in
1091 3822 1152 3871 r.
1189 3798 1428 3871 Tomo
1460 3798 1893 3891 Scriptorum
1927 3801 2198 3872 suorum
2226 3799 2644 3874 Italicorum

585 3899 792 3971 Parte
832 3919 893 3969 1.
945 3896 1174 3970 statim
1201 3895 1282 3970 in
1311 3895 1564 3984 initio,
1616 3895 1880 3970 locavit
1912 3896 2129 3970 Paulli
2166 3896 2470 3972 Diaconi
2496 3896 2651 3971 Hi·

588 3993 952 4071 storiarum
985 3997 1413 4074 librosxxtv.
1458 3994 1578 4094 qui
1606 3992 1848 4094 paffim
1876 3993 2231 4075 Historiae
2261 3993 2648 4106 Miscellae

1442 4130 1452 4154 ·
2333 4111 2651 4173 veniunt
