2870 4628
686 353 752 428 B
806 353 883 430 R
932 351 999 427 E
1044 353 1122 430 V
1165 355 1203 429 Ι
1252 353 1462 432 A‘R.
1553 345 1750 433 L'ra.
1855 361 1988 439 111.

2107 351 2128 376 '
2210 389 2346 465 133

260 553 450 619 rum,
504 535 544 574 ⁰
577 528 1055 620 senatorum'',
1108 526 1187 606 ὅτ
1211 532 1512 607 militum
1545 530 1976 612 detraxerat.
2077 538 2360 617 Interea

267 633 340 707 in
366 630 728 726 Hispania
747 684 769 719 ,
788 629 910 703 ubi
932 637 969 684 Ρ
997 627 1214 704 frater
1232 631 1652 706 Hannibalis
1668 634 2060 711 Hasdrubal
2088 661 2361 714 reman-

264 730 446 806 serat
484 751 659 803 eum
688 749 954 826 magno
979 728 1298 803 exercitu
1329 783 1352 818 ‚
1407 749 1487 803 ut
1536 751 1691 806 eam
1729 751 1949 809 totam
1977 735 2175 810 Afris
2205 737 2362 812 sub·

267 827 503 923 igeret
538 879 564 915 ,
628 848 675 898 a
724 825 1002 900 duobus
1044 826 1535 922 Scipionibus,
1596 828 1942 907 Romanis
2010 834 2358 927 ducibus,

279 924 647 1011 vincitur3
694 934 734 982 ‘³
763 923 1134 1020 perditque
1175 925 1247 998 in
1285 949 1525 1023 pugna
1554 936 1582 973 ¹·
1607 926 1912 1006 XXXV.
1948 932 2173 1008 millia
2225 933 2355 1006 ho-

278 1024 583 1094 minum.
634 1042 724 1094 ex
768 1022 877 1093 his
920 1021 1293 1116 capiuntur
1333 1036 1359 1072 ⁸
1400 1024 1489 1096 X.
1529 1023 1752 1099 rniHIa
1796 1051 1819 1115 ;
1870 1030 2287 1105 occiduntur
2326 1043 2353 1081 ⁸

287 1114 783 1193 xxvmiuiae
809 1120 1256 1194 νΜὶιειιιιιιιι·
1272 1120 2096 1220 eiaCarthaginienfibus
2121 1130 2208 1200 ad
2238 1151 2353 1201 re-

668 1333 1128 1407 Vaa1an
1243 1333 1984 1411 Lucrronns.

367 1498 412 1544 o
445 1480 622 1544 Deest
646 1483 714 1542 L.

356 1578 404 1638 p
440 1557 612 1638 Hasd.
640 1561 793 1622 Han.
806 1559 896 1639 fr.
927 1562 997 1622 L.
1026 1560 1093 1621 B.
1123 1579 1180 1636 4.

2105 1247 2356 1323 parau-

358 1655 401 1714 q
436 1636 631 1696 Perdit
660 1641 720 1697 in
740 1652 978 1715 pugnam
1003 1640 1070 1701 L.
1094 1640 1162 1699 B.
1200 1654 1249 1699 1.
1279 1621 1600 1716 perdidir'in
1627 1660 1690 1703 ea
1712 1654 1846 1725 pag.
1871 1658 1927 1705 2.
1954 1660 2019 1719 4.

357 1731 390 1774 1
426 1715 615 1773 xxv.
641 1716 719 1773 v.
747 1715 819 1773 L.
851 1716 917 1772 B.
945 1732 1002 1789 4.

354 1809 385 1850 s
418 1790 643 1850 DCCC.
688 1789 884 1849 deleto
911 1794 1084 1853 millia
1113 1793 1182 1853 L.
1210 1796 1282 1855 B.
1312 1812 1363 1869 5.

358 1877 389 1925 t
421 1868 549 1927 XV.
590 1868 660 1925 L.
700 1869 768 1925 B.
811 1885 867 1940 4.

368 1960 409 1999 v
445 1942 745 2002 Mittuntur
783 1947 840 2003 ei
872 1941 1053 2024 rursus
1076 1946 1208 2010 XII.
1248 1950 1420 2010 millia
1453 1947 1687 2025 peditum
1734 1948 1809 2023 {9⁰
1847 1952 2037 2014 XXX.
2094 1952 2351 2032 clepham

284 2017 416 2080 LC.

1018 2129 1622 2201 NoTass.

288 2275 656 2387 numeodiutn
684 2275 817 2329 fuiss'e
830 2311 852 2343 ,
882 2276 1111 2340 opinatur
1142 2278 1276 2330 Livi·

292 2353 369 2389 us.
448 2353 569 2389 aaa.
1084 2388 1097 2394 ,

343 2403 404 2450 ὗε
434 2402 654 2465 Infima
672 2439 689 2465 ‚
716 2407 796 2455 nbi
814 2406 978 2472 frater
1006 2407 1277 2454 Hannibalis

285 2466 565 2531 &slei-ul]
617 2469 808 2517 Multae
846 2470 1184 2517 Romanortun
1224 2469 1275 2519 in

285 2527 517 2588 Hispania
550 2544 741 2591 pugnae
759 2531 902 2580 fuere
926 2563 943 2589 ,
979 2533 1076 2579 hoc
1104 2531 1274 2580 secun·

284 2591 348 2640 do
380 2594 566 2643 Punico
602 2595 769 2645 bello:
829 2594 898 2642 ita
934 2593 1045 2645 sane
1080 2593 1274 2642 varian-

289 2665 339 2702 te
372 2654 566 2705 fortuna
587 2656 727 2706 vices
748 2690 766 2717 ‚
794 2668 848 2707 ut
883 2656 1078 2715 quoties
1112 2656 1164 2705 in
1181 2657 1273 2705 lta·

283 2717 350 2766 lla
394 2731 476 2767 res
528 2721 785 2769 Romanae
829 2721 957 2767 male
1006 2720 1275 2780 haberent,

292 2779 343 2828 in
378 2781 613 2842 Hispania
646 2782 948 2830 foeliciffime
976 2782 1276 2830 administra·

288 2855 473 2893 rentur.
519 2847 613 2893 Cn.
647 2845 811 2904 Scipio
830 2843 1008 2906 prioris
1026 2847 1138 2893 anni
1158 2845 1273 2894 Cos.

284 2906 339 2956 in
370 2907 657 2967 Hispaniam
690 2908 853 2957 missus
888 2921 915 2955 a
950 2909 1070 2957 Pub.
1119 2910 1273 2968 Scipi-

283 2982 385 3020 one
417 2970 569 3018 fratre
589 3004 607 3031 ,
633 2972 847 3030 primum
871 2983 982 3019 cnm
1008 2972 1271 3033 Hannone,

282 3033 531 3083 citerioris
577 3033 843 3093 Hispaniae
879 3034 1003 3083 duce
1041 3034 1100 3082 ab
1138 3034 1270 3082 Han·

282 3098 449 3145 nibale
492 3096 603 3144 illie
643 3095 903 3146 constituto
938 3130 957 3156 ‚
1000 3097 1272 3157 pugnavit,

280 3159 391 3221 post
437 3171 647 3218 pugnam
683 3160 1013 3211 Trebianam:
1044 3173 1115 3207 vr.
1145 3159 1270 3208 mili·

279 3223 372 3271 bus
406 3224 686 3271 Poe-norum
724 3224 870 3272 caelis
890 3258 907 3284 ,
933 3223 1124 3271 duobus
1155 3235 1267 3271 cum

281 3285 396 3345 ipso
446 3285 575 3333 duce
613 3284 795 3344 captis:
830 3298 891 3334 ae
928 3286 1108 3333 eodem
1145 3297 1267 3334 tem-

278 3360 407 3408 pore
452 3350 605 3408 paulo
657 3348 764 3407 post
822 3347 872 3395 ln
903 3348 1140 3398 Aufitanis
1174 3361 1268 3397 xrr.

281 3411 497 3460 millibus
530 3412 884 3459 Lacetanorum
921 3412 1103 3472 caefis,
1133 3412 1271 3459 auxi·

278 3476 401 3522 llum
448 3473 708 3523 Ausetanis
750 3474 1033 3523 serentium.
1113 3475 1267 3523 Porro

279 3536 386 3601 post
424 3548 632 3597 pugnarn
664 3537 723 3586 ad
757 3537 1084 3589 Trasimenum
1103 3570 1121 3597 ‚
1141 3536 1272 3586 idem

286 3600 375 3647 Cn.
409 3598 578 3659 Scipio
614 3599 776 3649 navali
814 3613 973 3659 pugna
1001 3612 1114 3649 cum
1148 3599 1270 3648 Has-

287 3662 497 3711 drubalis
529 3662 670 3711 clam-²
704 3696 722 3723 ‚
750 3675 855 3711 non
888 3665 1032 3722 longe
1076 3663 1137 3711 ab
1159 3664 1270 3712 lbe-

283 3725 327 3773 ri
364 3725 485 3774 ostio
536 3726 744 3776 certavit
772 3759 791 3784 ‚
837 3725 1054 3786 quinque
1100 3726 1149 3775 δι
1183 3739 1270 3774 xx.

279 3788 490 3838 navibus
525 3801 589 3836 ex
622 3801 707 3839 xt..
742 3787 915 3845 captis.
947 3800 1142 3837 utvern
1171 3788 1269 3836 fra-

280 3863 359 3903 ter
374 3853 423 3900 P.
457 3852 686 3914 advenit,
714 3852 860 3903 ausus
892 3851 1154 3911 transgredi
1181 3852 1272 3900 eti-

283 3928 359 3963 arn
391 3916 587 3964 Iberum
600 3921 709 3971 ,vac
742 3913 870 3963 mira
908 3926 1008 3961 arte
1045 3916 1150 3962 Ace
1185 3915 1271 3963 du·

283 3978 359 4027 cis
408 3978 611 4039 Hispani
644 4012 663 4039 ,
712 3988 893 4027 omnes
944 3977 1271 4037 Hispanorum

280 4042 470 4091 obfides
516 4040 731 4101 mistus,
781 4050 979 4087 omnem
1012 4039 1060 4086 in
1095 4039 1146 4087 se
1184 4040 1271 4088 Hi·

280 4104 540 4173 spanorum
568 4104 801 4155 savorem
836 4102 1039 4151 derivat.
1118 4102 1271 4152 Porro

1350 2280 1460 2341 post
1500 2277 1811 2330 Cannensem
1841 2292 2050 2341 pugnam
2070 2317 2088 2341 ‚
2129 2280 2342 2332 Hasdru·

1353 2345 1514 2393 balem
1552 2359 1578 2392 a
1622 2344 1815 2392 duobus
1861 2345 2065 2393 ducibus
2114 2345 2342 2407 vietum,

1349 2410 1427 2456 lib.
1464 2420 1539 2455 m.
1579 2406 1733 2454 refert
1768 2406 1932 2457 Livius
1967 2441 1985 2465 ‚
2032 2408 2344 2458 memorabili

1352 2483 1510 2529 pugna
1532 2503 1548 2529 ,
1576 2468 1642 2517 ita
1675 2481 1724 2516 ut
1763 2469 2052 2518 Hasdrubali
2088 2484 2188 2519 non
2234 2484 2342 2520 mo-

1349 2534 1415 2581 do
1461 2533 1510 2580 in
1571 2531 1757 2580 ltaliam
1804 2532 2089 2581 traducendi
2146 2534 2344 2582 exerci-

1350 2607 1455 2655 tus,
1501 2594 1581 2641 sed
1622 2607 1684 2641 ne
1721 2597 1946 2644 manendi
1998 2597 2196 2654 quidem
2231 2597 2340 2645 satis

1348 2671 1454 2706 tuto
1491 2656 1541 2706 in
1578 2657 1813 2717 Hispania
1852 2659 1964 2719 spes
2001 2659 2172 2716 relicta
2206 2661 2339 2710 ell'et.

1350 2722 1516 2777 Genu.

1413 2785 1466 2830 A
1490 2784 1650 2833 duobus
1676 2786 1939 2845 Scipionibus
1966 2784 2011 2846 ‚]
2058 2784 2149 2835 Cn.
2187 2796 2246 2833 ac
2279 2784 2333 2834 P.

1353 2859 1479 2909 quos
1513 2848 1730 2905 Reipub.
1759 2861 1925 2897 muros
1960 2848 2138 2895 Poenis
2174 2860 2339 2908 oppo-

1347 2911 1460 2958 fitos
1491 2911 1713 2958 nominat
1745 2910 1944 2960 Cicer-0.
1973 2912 2136 2959 Gnau.

1409 2974 1463 3021 A
1493 2974 1652 3021 duobus
1695 2974 1961 3034 Semonibus
1976 3007 1995 3033 ‚
2072 2973 2249 3022 Publio
2283 2973 2336 3021 δε

1344 3034 1518 3083 Cnaeo
1539 3070 1555 3095 ‚
1586 3047 1723 3096 patre
1756 3038 1911 3087 altero
1947 3041 1987 3085 Α
2012 3037 2161 3085 rieani
2180 3070 2197 3098 ,
2216 3039 2340 3085 alte-

1344 3109 1401 3144 ro
1445 3111 1636 3157 patrue.
1664 3099 1819 3146 Ceu..

1405 3163 1598 3212 XXJIV.
1626 3162 1782 3208 Malia
1802 3161 1845 3224 ‚]
1883 3163 2120 3213 Emndem
2159 3171 2334 3208 nume.

1342 3225 1611 3272 rumhabet
1643 3224 1782 3271 Oros.
1820 3227 1860 3273 L
1906 3228 1974 3275 lv.
2019 3240 2062 3275 c.
2100 3226 2149 3273 6.
2187 3223 2333 3271 Livio

1341 3296 1529 3335 tantum
1559 3303 1720 3349 magna
1745 3289 1815 3336 τίς
1842 3291 2058 3337 bominum
2093 3287 2227 3345 eccr's‘ae
2256 3284 2328 3333 dl-

1344 3349 1485 3398 citur.
1524 3350 1788 3398 Vennum.

1403 3415 1663 3460 mmmm
1704 3416 1748 3460 ei
1774 3430 1805 3461 a
1844 3409 2269 3475 Cartbagebimfibus
2290 3405 2335 3471 ‚]

1339 3475 1396 3525 In
1428 3474 1575 3535 antiq.
1605 3477 1689 3524 lib.
1720 3478 1842 3523 haec
1862 3479 2004 3535 longe
2039 3475 2214 3531 aliter,
2240 3472 2331 3543 fle:

1344 3537 1608 3591 Mittuntur
1640 3538 1688 3586 el
1719 3538 1880 3586 rursus
1901 3551 1970 3585 xx.
1989 3536 2203 3596 peditum
2227 3535 2335 3580 mil·

1348 3599 1447 3661 lia,
1475 3602 1517 3649 δι
1552 3612 1671 3649 xxx.
1708 3598 1969 3659 elephanti.
2033 3601 2166 3647 Idem
2186 3597 2334 3643 Man-

1345 3663 1496 3724 lium,
1532 3663 1754 3712 Mallium
1792 3662 1975 3711 scribit.
2014 3663 2196 3709 anr.
2224 3658 2338 3705 Ma·

1345 3739 1408 3787 go
1465 3727 1617 3774 frater
1664 3725 1916 3773 Annibalis
1964 3757 1982 3783 ,
2041 3737 2126 3772 xn.
2180 3721 2335 3771 millia

1347 3788 1564 3849 peditum
1587 3823 1604 3849 ,
1632 3788 1768 3836 mille
1798 3788 2085 3846 quingentos
2105 3784 2336 3846 equites,

1346 3865 1432 3900 xx.
1468 3854 1754 3909 elephantos
1773 3883 1790 3909 ,
1818 3850 1955 3896 mille
1975 3849 2158 3909 argenti
2178 3850 2338 3896 talen-

1347 3927 1395 3963 ta
1427 3914 1475 3961 in
1511 3912 1696 3961 Italiam
1725 3912 2069 3963 transmlssinrus
2088 3924 2192 3960 erat
2220 3923 2336 3960 eum

1345 3977 1582 4038 praefidio
1633 3975 1872 4035 sexaginta
1922 3977 2118 4026 navium
2167 3977 2337 4041 longa·

1349 4052 1499 4095 run13
1529 4038 1611 4085 sed
1647 4038 1730 4087 ubi
1764 4051 1868 4099 rem
1900 4038 1949 4086 in
1981 4038 2211 4099 Hispania
2231 4050 2333 4084 ma-

1347 4105 1396 4152 le
1442 4102 1621 4164 gestam
1663 4101 1861 4150 audiunt
1892 4102 2094 4163 Poeni,
2140 4112 2249 4148 eum
2287 4096 2342 4145 in

1716 4165 1742 4216 1
1779 4172 1808 4223 ³
2153 4159 2330 4220 Hispa-
