2870 4628
906 251 2249 357 ·nnnrcATrost

433 418 445 435 '
557 434 999 533 pervertunt.
1070 430 1336 506 Contr'a
1364 429 1639 506 omittit
1666 448 2153 526 nonnusquam
2183 430 2469 527 propria
2490 448 2628 510 no·-

562 531 757 610 mina
802 522 1251 623 personarum
1286 581 1314 620 ,
1348 531 1692 604 ⁴locorum
1725 586 1748 620 ,
1795 547 2235 623 temporum,
2283 552 2624 615 monetae

558 632 774 719 item,
823 624 903 701 ἃ
930 626 1231 703 aliorurn
1263 626 1769 718 confimilium,
1818 651 1997 726 quae
2028 632 2115 704 ab
2148 648 2477 704 accurato
2505 632 2614 709 in·

559 747 870 825 terprete
899 727 1306 822 praeteriri,
1344 728 1876 826 haudquaquam
1910 725 2013 803 est
2033 727 2610 811 consentaneum.

562 829 683 904 Ad
713 829 1177 903 mutationem
1208 850 1389 902 ,vero
1417 828 1606 924 quod
1639 830 1931 917 attinet,
1972 825 2098 902 etfi
2133 850 2219 902 ea
2249 850 2391 902 non
2424 827 2614 904 infe·

560 928 794 1006 liciter
826 926 1183 1001 interdurn
1210 928 1428 1003 utitur
1450 981 1472 1017 ‚
1524 943 1760 999 tamen
1800 925 2005 1023 saepe
2030 948 2323 1015 nurnero
2355 934 2609 1003 arnen-

560 1046 639 1105 te
682 1022 981 1099 austeris
1037 1028 1211 1101 ultra
1256 1027 1546 1099 modurn
1585 1023 1920 1116 discedit,
1955 1024 2047 1099 in
2100 1026 2347 1125 quibus
2398 1046 2479 1099 ut
2525 1026 2609 1101 li-

561 1125 875 1201 centiam
914 1123 1212 1221 anquam
1241 1123 1377 1199 fibi
1397 1126 1795 1217 usurpavit,
1839 1123 1949 1197 ita
1973 1122 2054 1197 in
2090 1123 2503 1220 quibusdam
2535 1122 2610 1198 se

555 1224 811 1324 partim
852 1222 1169 1319 linguae,
1220 1223 1476 1319 partim
1503 1221 1832 1305 historiae
1860 1221 2091 1297 minus
2120 1220 2421 1319 peritum
2438 1221 2608 1297 suis-

554 1324 630 1398 se
670 1320 1004 1423 prodidit.
1112 1323 1316 1426 Quae
1353 1322 1595 1397 omnia
1627 1320 1968 1416 exemplis
2006 1317 2400 1417 fingulatim
2436 1343 2609 1394 con-

556 1421 819 1497 firmari
868 1420 1009 1494 hoc
1063 1421 1226 1493 loco
1263 1418 1573 1517 possent,
1623 1440 1835 1517 atque
1865 1418 2046 1494 adeo
2075 1419 2293 1493 etiam
2329 1417 2612 1493 sortasse

554 1521 941 1606 deberent,
995 1519 1111 1593 sed
1149 1541 1311 1592 curn
1344 1518 1552 1614 spatii
1595 1517 1919 1615 angustia
1957 1517 2333 1591 commode
2371 1519 2612 1595 ornnia

558 1640 813 1715 capere
868 1639 1014 1693 non
1058 1617 1305 1713 possit,
1353 1616 1446 1692 ad
1492 1618 1926 1692 Notationes
1966 1615 2085 1690 ina
2130 1614 2390 1689 nostras
2444 1616 2611 1711 reji-

556 1716 718 1807 oi03
771 1738 998 1813 neque
1043 1717 1149 1791 ibi
1190 1735 1430 1790 tamen
1478 1715 1716 1790 omnia
1766 1711 2156 1811 fingnlatim
2201 1713 2608 1808 persecutu-

555 1838 712 1913 rus,
761 1813 880 1888 sed
905 1812 1283 1912 insigniora
1313 1831 1635 1903 tantum,
1685 1830 1766 1886 ut
1803 1829 2038 1885 textus
2075 1811 2272 1884 filum
2310 1809 2611 1903 offeret,

552 1909 1061 2013 perstrifi‘turus.
1162 1913 1435 1988 Verum
1473 1912 1666 1985 enirn
1703 1933 1880 1984 vero
1913 1910 2411 2006 qualiscunque
2455 1922 2610 1983 tan·

554 2015 720 2088 dem
758 2012 934 2085 haec
962 2010 1064 2085 est
1096 2009 1587 2108 metaphrasis,
1623 2009 1969 2107 plerisque
2002 2010 2072 2083 in
2105 2009 2275 2081 locis
2294 2008 2393 2081 sat
2410 2029 2612 2081 corn-

552 2109 767 2187 moda
823 2110 1311 2207 luculentaque
1366 2107 1682 2183 diffione
1742 2109 1953 2180 nobis
2007 2106 2436 2205 Eutropium¹
2486 2128 2611 2181 ex-

554 2210 835 2308 preffit,
882 2206 960 2282 ἃ
990 2209 1077 2282 ad
1117 2209 1504 2304 pleniorem
1543 2207 1902 2302 utriusque
1941 2206 2226 2302 linguae
2251 2204 2609 2301 cognitio-

553 2333 720 2386 nern
754 2331 897 2382 non
936 2329 1178 2405 parurn
1215 2305 1562 2402 momenti
1593 2303 1823 2380 affert.
1927 2303 2094 2406 Quo
2137 2324 2457 2402 tempore
2484 2327 2605 2378 au-

552 2428 704 2483 tetn
753 2407 1015 2482 vixerit
1057 2406 1176 2481 hic
1218 2408 1608 2502 interpres,
1656 2406 2006 2477 incertum
2063 2402 2188 2477 est.
2303 2403 2608 2477 Videtur

551 2506 903 2599 Eutropio
956 2527 1097 2581 non
1160 2505 1386 2576 multo
1445 2501 1645 2577 fuisse
1692 2501 2065 2575 recentior.
2184 2501 2362 2577 Cum
2413 2501 2606 2576 enim

551 2609 735 2683 libro
783 2604 908 2675 IX.
972 2604 1046 2677 in
1085 2600 1538 2676 Diocletiano
1578 2602 1758 2693 Imp.
1823 2596 1943 2693 [c.
1980 2600 2152 2696 ες]
2203 2597 2293 2672 de
2331 2597 2610 2674 Narseo
2702 2669 2715 2682 ,

549 2706 908 2780 Persarum
965 2721 1134 2798 rege
1174 2700 1367 2774 dicat
1395 2753 1419 2787 ,
1479 2698 1784 2778 τέταθ’
1817 2704 1875 2769 0·
1917 2691 1981 2777 ἶ·
2019 2695 2196 2777 {1⁴1ae-
2250 2687 2501 2790 Σαίπαμ(
2540 2729 2610 2776 ιη

552 2801 659 2892 χρὴ
697 2800 1015 2896 Ὀρμίσδᾳ
1046 2852 1068 2888 ,
1132 2812 1246 2876 τοῖς
1288 2810 1369 2873 εἷς
1419 2794 1520 2878 τὴν
1567 2801 1847 2891 viperino
1905 2801 2135 2882 ἠλικίαν
2186 2800 2605 2892 ἅφιιιομὲιοες,

553 2922 732 2997 quae
772 2919 908 2970 nec
956 2896 1141 2991 apud
1194 2897 1663 2993 Eutropium,
1716 2918 1854 2969 neo
1895 2898 2085 2993 apud
2138 2896 2602 2991 interpolato-

551 3021 700 3075 rem
743 2996 934 3091 ejus,
985 2995 1772 3085 Paulum-Diaconum,
1825 2994 1918 3071 fic
1960 2998 2325 3093 leguntur-3
2371 2995 2598 3090 conji-

554 3117 718 3172 cere
748 3094 837 3168 ali
890 3092 995 3167 uis
1025 3093 1270 3190 pofflc,
1318 3115 1482 3167 eum
1529 3093 1660 3168 ista
1692 3097 1835 3167 nori
1879 3113 2026 3168 tam
2069 3093 2193 3168 sub
2232 3091 2602 3188 Eutropii,

600 3216 760 3268 uam
798 3193 868 3265 su
947 3191 1070 3268 sua
1100 3187 1303 3289 ipsuis
1332 3192 1628 3288 persona
1660 3191 1772 3291 (ut
1801 3194 2087 3267 alianon
2108 3192 2365 3289 pauca)
2385 3191 2602 3265 dixis·

552 3221 651 3368 tae.
753 3292 1092 3386 Saporem
1143 3309 1379 3396 antem
1415 3288 1495 3365 ἅ
1539 3290 1995 3366 Hormisdatn
2033 3297 2160 3365 eos'
2195 3290 2603 3386 intelligen-

554 3395 683 3469 dos
730 3387 914 3480 effe,
975 3409 1275 3488 quorum
1334 3391 1749 3465 Ammianus
1790 3391 2293 3478 Marcellinus,
2345 3389 2600 3463 Eutro·

553 3494 680 3589 pio
726 3512 1038 3566 coaevus
1071 3543 1093 3581 ,
1124 3491 1474 3564 meminit
1507 3545 1530 3579 ,
1579 3489 1724 3586 ipsa
1781 3488 2060 3564 historia
2116 3488 2276 3563 satis
2335 3487 2598 3584 arguit.

548 3591 655 3665 Ea
702 3607 902 3664 certe
933 3645 955 3679 ‚
1007 3610 1182 3687 quae
1224 3587 1571 3686 Eutropio
1615 3611 1657 3661 a
1703 3589 1917 3663 Paulo
1961 3587 2287 3663 Diacono
2340 3588 2606 3680 partim

553 3687 812 3764 inferta
868 3687 1068 3778 funt,
1124 3687 1379 3785 partim
1431 3684 1694 3777 assuta,
1758 3686 2095 3761 trecentis
2140 3685 2216 3759 ἀ
2256 3685 2596 3781 quinqua·-

552 3790 759 3883 ginta
792 3785 944 3881 post
990 3787 1406 3883 Eutropium
1445 3788 1688 3874 annin
1733 3783 1853 3857 hic
1898 3782 2402 3879 metaphrastes
2454 3806 2596 3859 non

553 3883 891 3983 agnoseit.
970 3886 1108 3959 Sed
1145 3886 1235 3961 de
1268 3885 1376 3959 his
1404 3881 1485 3960 ἃ
1526 3881 1860 3959 similibus
1895 3883 2043 3957 aliis
2075 3884 2417 3957 calculum
2442 3904 2604 3975 per«.

551 3986 767 4058 mitto
805 3982 1227 4057 acutioribus
1274 4005 1359 4058 ac
1394 3983 1844 4079 peritioribus
1890 3983 2218 4079 ingeniis.
2319 3980 2424 4054 Ea
2475 3979 2604 4053 sal·

532 4101 703 4162 ‚tem
740 4082 862 4164 hic
890 4081 1264 4160 indicanda
1290 4081 1468 4164 mihi
1505 4080 1833 4175 fuerunt,
1882 4104 2062 4182 quae
2088 4099 2205 4156 tua
2241 4074 2606 4250 ἰηῗέἓὶίΐε,

760 4209 777 4222 ‘
2488 4197 2608 4267 or,
