2870 4628
484 290 608 350 ιτ
699 268 2041 352 PRAEFATIONES.

214 425 490 504 tendam
513 426 588 499 in
623 447 720 500 eo
747 421 1094 498 AuEkore
1112 445 1398 518 operam
1415 424 1645 519 posuit
1662 479 1683 514 ,
1702 425 2104 524 variamque
2116 428 2309 510 suam

217 525 294 600 ἃ
328 524 658 600 diffusam
688 522 1199 598 cruditionem
1236 522 1490 617 ubique
1519 521 1843 599 ostendit.
1919 529 2309 624 cellarius,

225 624 747 700 Germanorum
770 622 878 697 sui
907 621 1267 718 temporis
1295 620 1849 716 judiciofissimus
1869 680 1889 711 ‚
1916 626 2023 699 bis
2054 629 2307 703 Eutro-

229 725 422 820 pium
447 720 684 796 edidit
706 772 733 811 ,
763 723 982 794 Cizae
1019 720 1325 816 primum
1356 743 1538 793 anno
1565 727 1771 815 1678.
1803 723 2060 798 deinde
2081 727 2307 822 Jenae

240 843 324 916 17
336 829 457 898 26.
492 817 720 893 doffls
745 819 1166 894 illustratum
1193 814 1472 892 notis&
1491 819 1863 895 Van-iarum
1888 822 2307 901 Lectionum

238 921 500 993 addito
533 920 877 994 examine.
937 915 1292 1016 Adjunxit
1325 917 1511 992 idem
1547 918 1826 992 Paeanii
1854 924 2308 1018 Metraphra·

247 1014 354 1094 fin
403 1019 790 1106 Graecam,
844 1036 1260 1113 excerptam
1303 1038 1393 1091 ex
1427 1015 1746 1091 editione
1782 1019 2119 1096 Friderici
2156 1025 2307 1118 Syl-

252 1116 530 1213 burgii3
575 1115 694 1211 qui
737 1116 1031 1211 quidem
1075 1117 1380 1190 maxima
1426 1113 1634 1189 laude
1684 1116 1977 1209 dignus,
2039 1122 2311 1216 gloriae

247 1215 443 1289 inter
483 1237 724 1287 omnes
754 1214 1053 1289 minime
1097 1215 1384 1302 avidus,
1435 1213 1648 1310 longe
1681 1215 1910 1311 primo
1943 1216 2103 1290 loco
2132 1222 2307 1295 mihi

251 1311 490 1386 fuerat
531 1312 1226 1399 commemorandus,
1273 1310 1322 1385 fi
1355 1312 1448 1384 de
1478 1312 1747 1386 meritis
1782 1313 2097 1409 eJ'usdem
2120 1317 2309 1412 judi-

248 1414 440 1486 cium
477 1410 667 1484 ferre
695 1409 1090 1486 institutum
1132 1411 1338 1484 foret.
1375 1507 1378 1508 7
1416 1410 1689 1484 Verum
1737 1434 1951 1507 quum
1966 1412 2119 1507 jam
2144 1440 2309 1512 aga·

249 1533 401 1584 mus
436 1512 531 1585 de
577 1510 750 1596 inis,
803 1511 920 1606 qui
968 1510 1302 1605 Eutropii
1349 1508 1660 1584 libellum
1699 1507 2070 1606 separatim
2097 1565 2125 1604 ,
2180 1517 2307 1591 ille

250 1631 422 1684 vero
462 1611 534 1684 in
577 1606 961 1681 numerosa
993 1631 1203 1706 quam
1243 1606 1544 1681 instituit
1576 1608 2026 1704 plurimorum
2058 1611 2301 1688 Histo-

248 1708 544 1781 ricorum
578 1705 1028 1782 Colleffione
1051 1761 1072 1794 ,
1119 1706 1371 1805 quibus
1408 1700 1487 1778 δι
1524 1706 1944 1804 Eutropium
1969 1710 2303 1804 inseruit,

252 1806 628 1903 pleniffime
665 1808 762 1880 de
789 1806 1118 1881 omnibus
1158 1804 1241 1881 fit
1281 1802 1619 1896 meritus,
1665 1810 1841 1882 alios
1871 1808 2302 1905 potiffimum

251 1927 766 1980 enumeramus

353 2002 513 2077 Post
536 2005 666 2078 hos
694 2025 940 2079 omnes
971 2006 1087 2079 vir
1124 2002 1568 2080 Dostiffimus
1601 2004 1925 2080 Thomas
1958 2007 2298 2097 Heame,

247 2100 952 2189 Britannus‚oxonii
981 2125 1167 2177 anno
1203 2123 1430 2196 1703.
1479 2102 2109 2178 emendatiflimam
2156 2106 2299 2179 Eu-

245 2201 467 2296 tropii
495 2199 698 2274 dedit
712 2201 1323 2288 Editionem‚V11.
1346 2199 1505 2276 usus
1532 2199 1752 2272 Codd.
1785 2203 1994 2274 MSS.
2026 2203 2299 2299 illisque

243 2300 502 2397 quibus
550 2299 849 2375 Vinetus
884 2297 965 2375 ἃ
1011 2300 1420 2398 Sylburgius
1464 2296 1904 2385 diluerant,
1962 2319 2037 2375 ut
2067 2299 2147 2377 ὅ(
2172 2325 2297 2379 va·

237 2398 365 2473 riis
406 2399 904 2488 Editionibus,
954 2399 1046 2473 ad
1091 2418 1385 2474 examen
1429 2397 1837 2487 revocatio,
1885 2396 1964 2475 δι
2017 2400 2092 2472 in
2150 2401 2295 2474 Va-

239 2497 574 2573 riantium
606 2496 1028 2574 Lefflonum
1055 2498 1433 2573 colluviem
1470 2499 2010 2593 coagmentatis.
2063 2498 2297 2596 Hujus

231 2595 691 2686 Editionem,
737 2619 817 2672 ut
869 2594 1092 2670 visam
1132 2597 1334 2672 nobis
1370 2597 1587 2690 longe
1612 2595 2004 2691 optimam,
2055 2598 2159 2671 ita
2189 2602 2296 2673 su·

236 2718 386 2770 mus
426 2695 705 2786 secuti,
755 2715 833 2768 ut
879 2694 1052 2767 nihil
1087 2695 1630 2781 mutaverimus,
1680 2691 1808 2767 nifi
1840 2695 2030 2792 quod
2075 2696 2287 2771 MSS.

237 2793 669 2870 anaoritate
723 2792 1089 2869 subnixum
1127 2797 1414 2890 exigere
1455 2792 1602 2887 ipsa
1648 2795 1828 2867 ratio
1885 2794 2288 2875 videbatur.

240 2893 476 2969 Variis
506 2893 830 2988 ejusdem
857 2889 1311 2966 Lectionibus
1335 2891 1591 2987 ubique
1618 2889 1766 2963 illas
1789 2892 2003 2965 MSS.
2053 2894 2284 2989 Lugd.

237 2992 384 3066 Bat.
417 2991 1123 3086 inseruimus,neque
1156 2988 1248 3065 de
1272 2989 1410 3063 inis
1442 3009 1620 3084 quae
1652 2987 1941 3064 minoris
1969 3015 2287 3065 momen·

239 3093 293 3164 ti
318 3091 791 3178 videbantur,
841 3091 1136 3163 verbum
1158 3089 1231 3162 in
1263 3087 1555 3163 Notuiis
1592 3084 1937 3178 fecimus,
1986 3091 2288 3165 multum

239 3187 423 3262 enim
461 3188 558 3262 de
594 3188 816 3263 ociofi
856 3187 1148 3283 alicuju·
1185 3184 1517 3261 monachi
1544 3202 1666 3260 aut
1694 3185 2053 3263 oscitantis
2094 3212 2283 3263 ama·

237 3285 507 3361 uuenfis
547 3291 797 3361 erratis
831 3285 1248 3382 digladiari,
1296 3284 1625 3381 quorsum
1671 3284 1980 3381 pertinet
2010 3289 2049 3359 ‘1’
2118 3287 2276 3360 No-

238 3385 414 3459 tulas
461 3385 647 3480 ipsas
694 3383 955 3458 nostras
1001 3405 1246 3476 parcas
1277 3381 1420 3457 effe
1448 3381 1846 3473 voluimuS,
1892 3407 2104 3480 quum
2132 3385 2282 3477 jam

235 3504 468 3576 gemat
483 3481 772 3557 onustus
801 3501 910 3556 tot
931 3481 1624 3559 commentatoribus
1638 3479 2105 3578 scitatoripsc
2130 3482 2285 3555 bre-

238 3581 522 3671 vitatis,
572 3580 626 3655 fi
662 3582 819 3677 quis
847 3582 1068 3667 alius,
1115 3579 1516 3673 Eutropius.

336 3681 683 3755 Occurret
713 3679 958 3777 aliquis
977 3729 1000 3767 ,
1027 3676 1323 3772 potuiffe
1342 3677 1684 3766 resecari,
1703 3699 1881 3772 quae
1909 3676 2138 3751 minus
2159 3675 2282 3752 do·

249 3771 358 3848 &a
384 3777 666 3869 forent,
712 3780 833 3854 sed
864 3777 1182 3872 vulgaria
1219 3777 1456 3872 potins
1485 3772 1560 3849 ἀ
1592 3776 1858 3866 saepius
1886 3772 2094 3850 dicia.
2150 3777 2282 3850 Fa·

239 3889 440 3967 teor,
490 3877 532 3953 fi
569 3876 802 3951 doe-iis
835 3895 1109 3950 tantum
1146 3875 1598 3961 scriberetur,
1647 3872 1831 3969 (ique
1859 3872 2062 3970 hujus
2086 3873 2288 3949 libel·

235 3971 284 4049 Ε
307 3975 374 4052 is
411 3975 579 4054 effet
613 3975 780 4055 finis
825 3996 906 4051 ut
935 3973 1028 4048 ad
1058 3972 1303 4054 dotto:
1343 3989 1617 4053 tantum
1647 3968 1877 4054 nostra
1918 3995 2285 4144 commzeln·

2211 4091 2284 4145 a·
