2870 4628
962 214 2230 315 nantcarlowts

566 377 702 476 tis,
746 398 889 459 non
930 376 1256 479 ingratae
1301 376 1820 470 recordamini,
1867 396 2032 455 vrrt
2085 401 2343 478 nempe
2380 381 2625 459 Lanos

570 504 730 561 vrci
773 484 1329 555 Secxannoarn
1360 530 1395 569 ,
1458 479 1880 573 Eutropium
1924 479 2215 576 ejusque
2265 479 2617 555 Graecum

572 576 1119 676 metaphrastam
1169 577 1543 652 Paeanium
1572 631 1594 668 ,
1661 577 2371 653 animadverfionibua
2440 578 2620 653 meis

571 677 944 758 illustratos
978 728 1002 766 ,
1070 677 1146 751 in
1186 673 1498 749 vestrum
1551 674 2081 772 vestrorumque
2123 677 2315 750 usum
2354 675 2622 769 publici

582 776 750 851 ‘uris
798 773 1000 863 feci,
1067 770 1147 847 ἀ
1189 796 1520 851 ‘rotatae
1565 771 1883 865 vestrae,
1944 792 2275 872 tanquam
2313 771 2626 849 Herculi

634 870 943 951 lasarum
961 927 983 960 ,
1034 890 1182 945 tum
1208 872 1609 965 juventutis
1629 873 1963 947 Famem
1979 922 2007 961 ,
2036 895 2120 946 ac
2145 873 2414 968 patriae
2439 893 2623 959 aral,

574 971 1098 1051 MAURICIO
1154 970 1761 1057 GUlLlELMO,
1809 973 2166 1047 Saxonum
2202 973 2626 1067 aliarumque

632 1072 903 1146 entium
955 1069 1229 1151 incluto
1268 1070 1475 1145 Ducr
1507 1118 1535 1157 ,
1605 1068 2096 1165 Principique,
2153 1092 2313 1146 raro
2357 1067 2629 1143 ordinis

612 1170 681 1245 ui
728 1168 1093 1264 exemplo,
1144 1165 1530 1261 sapientiae
1577 1167 2014 1263 praeceptis,
2066 1165 2453 1267 vestrisque
2512 1169 2627 1240 in·

575 1267 839 1345 stitutis
874 1289 961 1340 ac
994 1264 1383 1362 disciplinis
1419 1286 1560 1338 non
1600 1264 1857 1338 leviter
1889 1261 2155 1355 tinao,
2203 1262 2319 1343 sed
2351 1265 2632 1363 penitus

570 1364 659 1441 ἃ
687 1366 777 1440 ad
807 1364 1142 1438 summam
1184 1384 1403 1460 usque
1441 1362 1738 1459 gloriam
1782 1364 2093 1451 imbuto,
2148 1386 2315 1441 meo
2359 1361 2631 1440 vestro·

629 1486 719 1541 ue
746 1459 1280 1537 elementiffimo
1313 1464 1662 1548 Domno,
1707 1459 2061 1535 dedicavi.
2157 1463 2242 1537 Id
2284 1488 2400 1539 me
2439 1455 2639 1536 haud

572 1484 724 1637 gne
770 1558 1098 1656 auspiciis
1141 1558 1421 1650 feciffe,
1471 1581 1602 1634 vos
1644 1555 1856 1632 testea
1902 1559 2077 1633 mihi
2115 1560 2317 1652 estis,
2365 1559 2442 1635 &
2481 1557 2638 1653 ipse

572 1678 810 1736 rerum
840 1676 1139 1735 eventus
1167 1660 1631 1752 approbavit,
1679 1656 1869 1754 quod
1904 1656 2122 1732 multa
2152 1656 2229 1735 δι
2273 1656 2643 1756 praeclara

575 1756 738 1835 sunt
767 1755 1092 1853 ingenia,
1141 1757 1394 1851 quibus
1437 1779 1579 1835 non
1622 1757 1917 1851 exiguus
1949 1755 2213 1833 fructus
2245 1781 2338 1833 ex
2375 1759 2638 1829 Eutro-

570 1855 811 1950 pianis
848 1854 1264 1935 leffionibuz
1302 1853 1574 1935 adlatus
1611 1853 1816 1941 fuit,
1847 1850 1925 1929 δι
1970 1854 2325 1953 hodieque
2362 1849 2640 1929 adferri

572 1972 722 2033 non
759 1950 1014 2029 definit
1038 1953 1397 2049 plurimus.
1462 1954 1631 2029 Nec
1663 1951 2064 2027 dedicando
2095 1976 2272 2050 opus
2301 1948 2640 2031 sereniffi·

577 2072 705 2130 mo
730 2050 1017 2129 Pmcrrr
1036 2103 1059 2140 ,
1108 2070 1260 2129 tum
1288 2050 1449 2133 flori
1469 2104 1492 2141 ,
1518 2073 1704 2133 nunc
1732 2072 2000 2147 magno
2025 2070 2449 2143 ornamento
2483 2053 2635 2125 lau-

576 2148 969 2228 datiffimae
1005 2150 1302 2239 Gentis,
1350 2148 1603 2225 errass'e
1630 2148 1808 2223 mihi
1841 2170 1882 2222 a
1921 2150 2227 2241 decoro,
2276 2170 2394 2227 aut
2442 2152 2631 2227 indi·

579 2268 801 2345 gnum
832 2249 1090 2347 aliquid
1124 2267 1324 2326 tanto
1352 2248 1643 2326 nomine
1691 2245 2025 2326 admififfe
2070 2251 2414 2341 videbar,
2462 2250 2631 2347 quia

574 2348 732 2448 ipse
767 2346 1013 2423 auCtor
1038 2347 1417 2443 Eutropius
1450 2342 1742 2443 augusto
1785 2349 2198 2443 imperatori
2249 2347 2325 2424 ἃ
2365 2352 2631 2424 Roma·

574 2467 830 2524 norum
879 2444 1184 2542 principi
1235 2447 1586 2520 Vatum-1
1629 2444 1885 2517 librum
1928 2446 2120 2520 suum
2165 2445 2630 2523 consecrave-

576 2565 713 2622 rat.
814 2545 1109 2619 Scilicet
1138 2564 1367 2615 rerum
1398 2543 1694 2638 potituri
1727 2566 1867 2639 quo
1914 2543 2323 2643 diligentius
2362 2547 2631 2621 littera-

574 2665 735 2721 rum
780 2639 1021 2718 studiis
1046 2636 1658 2735 praeformantur,
1708 2662 1799 2713 eo
1832 2645 2203 2737 ampliores
2245 2643 2503 2719 fruetus
2534 2644 2629 2718 ad

576 2738 1087 2835 rempublicam
1143 2735 1221 2811 ἃ
1266 2759 1716 2812 communem
1761 2737 1954 2814 usum
1999 2742 2324 2818 adferunt
2358 2796 2386 2833 ,
2461 2745 2631 2840 quia

632 2836 1147 2914 raedidicerunt
1183 2857 1273 2909 ex
1319 2835 1755 2909 historiarum
1798 2842 2285 2930 monimentis,
2336 2838 2412 2915 ἃ
2443 2844 2516 2916 in
2545 2841 2628 2915 il·

608 2933 773 3012 astri
816 2938 974 3012 loco
1015 2929 1261 3031 politis
1299 2935 1686 3028 exempliS,
1735 2937 1923 3031 quod
1977 2941 2245 3014 salubre
2287 2937 2365 3013 δι
2406 2940 2629 3036 frugi·

574 3036 811 3111 ferum
836 3033 938 3108 est
964 3032 1430 3129 reipublicae,
1454 3053 1529 3107 ut
1556 3035 1960 3125 imitentur,
2010 3035 2087 3111 &
2120 3037 2302 3136 quod
2330 3037 2627 3134 inceptu

576 3132 870 3211 foedum
930 3152 1052 3206 aut
1110 3134 1307 3205 exitu
1341 3185 1363 3220 ,
1432 3152 1507 3220 ut
1555 3132 1825 3230 majore
1885 3134 2220 3210 industria
2267 3134 2617 3212 devitent.

575 3233 957 3329 Apparent
993 3228 1096 3304 ibi
1132 3230 1619 3306 conversiones
1662 3255 1893 3308 rerum
1937 3235 2432 3327 humanarum,
2482 3237 2624 3310 ori·

581 3331 791 3431 gines
830 3329 1334 3426 imperiorum,
1391 3332 1733 3414 bonorum
1761 3333 2096 3422 virtutes,
2143 3334 2622 3428 improborum

580 3432 805 3521 vitia,
827 3451 1007 3526 quae
1048 3427 1209 3501 sane
1247 3428 1367 3524 qui
1399 3429 1757 3530 intuetur,
1804 3429 1879 3505 δι
1916 3430 2333 3529 fingulorum
2359 3457 2623 3531 expen-

583 3527 692 3602 dit
719 3531 1069 3612 rationes;
1116 3546 1246 3604 nae
1288 3527 1474 3602 illum
1517 3527 1604 3602 ad
1649 3553 1757 3604 res
1793 3551 2083 3626 magnas
2130 3532 2463 3608 idoneum
2504 3557 2626 3630 pa·

584 3643 956 3721 ratumque
997 3646 1162 3698 cum
1205 3624 1447 3721 primis
1500 3625 1653 3699 fieri
1710 3645 2022 3720 oportet.
2138 3635 2217 3716 ln
2281 3629 2626 3709 historicis

580 3743 760 3797 vero
806 3722 1186 3818 Romanis,
1234 3724 1354 3820 qui
1400 3725 1789 3818 longiorem
1835 3729 2080 3802 seriem
2133 3751 2360 3806 rerum
2412 3745 2630 3828 atque

582 3839 982 3916 temporum
1015 3821 1413 3918 percurrat,
1466 3847 1674 3920 quam
1703 3825 2119 3923 Eutropius,
2168 3828 2466 3924 scriptor
2499 3851 2625 3906 un·

532 3959 541 3968 ,
577 3917 819 3997 decim
856 3923 944 3997 ab
986 3922 1156 3998 urbe
1195 3920 1484 3998 condita
1527 3914 1950 4000 saeculorum
1971 3979 1996 4018 ,
2045 3920 2096 4000 fi
2139 3949 2420 4027 quoquo
2467 3947 2624 4101 vier-

2543 4046 2626 4101 us
