2870 4628
943 261 2179 355 DEDICATIONES

540 464 759 534 κοντας
808 430 961 528 (ita
993 429 1171 504 haec
1200 424 1528 518 Eutropii
1560 417 1824 518 vertit)
1870 422 2108 508 οἰκείως,
2154 423 2258 493 καὶ
2298 420 2465 498 οἷονεί
2494 421 2587 490 viai

540 569 642 613 vae
669 535 893 608 ἔιὸἷιως
927 559 1000 603 τε
1043 527 1303 613 ultione,
1351 519 1449 597 οὓς
1478 516 1810 614 Δημᾶςχκΰ
1847 518 2115 590 iudam.
2218 519 2366 604 Ibi,
2407 539 2588 615 quo!

538 629 906 730 defensore-s
949 625 1326 725 appellavit
1371 620 1792 712 Eutropius,
1846 616 2407 693 Graecanicum
2451 640 2583 689 vo-

541 753 663 808 cat
679 784 705 822 ,
730 728 806 803 &
835 750 1044 825 quum
1079 721 1415 817 Anpoe'gxur
1442 719 1634 791 dicat
1666 715 2020 788 Tribunos
2050 714 2322 799 Plebis,
2349 712 2581 788 osten*

538 834 646 907 dit
680 826 1003 925 proprios
1056 820 1196 895 effe
1238 820 1556 915 judices,
1601 818 1797 889 οῖκεέκς
1837 811 2186 908 ἄρχονται,
2234 811 2581 885 videlicet

446 1012 460 1031 .
540 954 632 1007 cx
660 929 863 1023 plebe
891 920 1145 998 lestum
1177 915 1715 1012 Magistratum,
1750 933 1936 999 non,
1988 910 2190 985 sicuti
2221 909 2580 1000 Consules,

544 1053 634 1103 ex
663 1030 924 1098 Senatu
949 1021 1064 1096 vel
1099 1016 1529 1090 Nobilitate.
1582 1012 1946 1084 Praeterea
1974 1008 2021 1082 fi
2047 1009 2335 1084 vindices
2358 1005 2434 1081 <Sc
2469 1009 2579 1079 de-

520 1121 829 1225 fensbres
862 1114 1135 1194 dixisset
1167 1113 1582 1208 Eutropius,
1631 1107 1738 1181 bis
1778 1108 1968 1179 idem
1998 1104 2301 1181 dixiffet.
2351 1105 2582 1197 Judex

538 1219 888 1318 Eutropio
925 1215 1118 1290 idern
1149 1212 1264 1286 ,est
1300 1208 1485 1306 quod
1526 1203 2026 1299 Magistratus;
2074 1204 2255 1280 unde
2299 1203 2391 1277 de
2433 1206 2582 1276 Ae-

541 1340 765 1422 gypto
797 1320 1282 1391 Romanorum
1320 1306 1617 1403 imperio
1654 1302 1962 1397 subjeeta
1990 1304 2109 1378 lib.
2131 1325 2261 1376 vn.
2311 1324 2465 1396 cap.
2506 1324 2579 1393 7.

541 1448 614 1518 p.
658 1427 823 1506 287.
922 1407 1450 1505 Praepofitusque
1494 1409 1555 1479 ei
1597 1404 1710 1475 Cn.
1750 1403 2076 1474 Cornelius
2114 1401 2362 1476 Gallus.
2411 1402 2584 1473 hunc

535 1522 819 1618 primum
846 1512 1185 1605 Aegyptus
1212 1507 1573 1586 Romanum
1594 1502 1879 1598 judicem
1908 1503 2158 1573 habuit.
2289 1522 2444 1573 uem
2477 1498 2585 1592 ip·

543 1625 693 1693 sum
739 1613 973 1685 locum
1013 1630 1153 1680 non
1191 1603 1511 1702 neglexit
1539 1621 1828 1673 monere
1855 1621 2204 1693 nunquam
2265 1598 2397 1670 atis
2436 1596 2589 1669 lau·

541 1712 811 1789 dandus
856 1703 1040 1779 Frid.
1089 1701 1499 1800 Sylburgius
1544 1700 1615 1772 in
1662 1696 1903 1769 Indice
1933 1696 2092 1786 sue,
2140 1695 2262 1770 ubi
2304 1694 2592 1784 scribit,

545 1807 848 1888 eundem
893 1804 1161 1891 citam,
1213 1799 1481 1891 Judex,
1531 1801 1580 1870 i.
1632 1821 1687 1867 e.
1740 1791 2204 1889 Magistratus.
2250 1792 2591 1865 Similiter

543 1905 828 1987 Orosius
858 1924 972 1976 111.
1031 1923 1140 1989 14.
1189 1898 1282 1971 de
1314 1897 1637 1991 Philippo
1672 1890 1748 1966 ἆ
1781 1891 2175 1966 Thebanis:
2227 1888 2450 1986 Pullos
2472 1894 2591 1962 du·

543 2012 688 2084 dum
732 2029 775 2080 a
831 2003 1124 2086 civibus,
1187 2001 1258 2068 in
1298 1999 1587 2092 patriam
1641 1989 1970 2087 restituit:
2019 2014 2100 2063 ex
2147 1994 2587 2085 quiburcoe.

543 2109 767 2182 exules
785 2102 1043 2196 judices
1085 2100 1466 2188 refloresque
1492 2088 1841 2187 praefecit.
1896 2089 1976 2163 <Sc
2003 2093 2231 2183 saepe.
2306 2089 2589 2162 Praete·

545 2230 668 2296 rea
709 2222 856 2275 non
887 2194 1101 2294 ipsos,
1152 2213 1230 2267 ut
1272 2193 1355 2266 ad
1389 2193 1747 2265 Tribunos
1799 2185 2183 2276 referatur,
2237 2184 2352 2259 sed
2394 2184 2526 2282 ipse
2559 2240 2587 2274 ‚

540 2303 885 2381 relatione
917 2296 1007 2369 ad
1037 2292 1420 2389 Populum,
1468 2289 1707 2363 omnia
1744 2288 1952 2361 MSS.
2004 2285 2468 2381 exemplaria,
2503 2281 2589 2359 δε

552 2406 863 2480 Graecus
897 2416 1178 2491 quoque
1205 2385 1729 2482 Metaphrastes
1759 2386 2027 2480 legunt.

652 2502 890 2601 Quum
921 2515 1064 2566 non
1102 2512 1241 2563 uno
1273 2485 1494 2560 modo
1523 2484 1776 2579 Capita
1802 2485 1874 2556 in
1908 2482 2133 2556 Editis
2161 2478 2598 2580 distinguan-

555 2620 705 2685 tur,
752 2599 997 2668 Annae
1037 2586 1245 2660 Fabri
1276 2582 1795 2659 distinfflonern
1839 2577 2108 2654 secutus
2142 2583 2284 2654 sum
2318 2580 2501 2679 quod
2539 2580 2602 2653 i-

553 2702 634 2776 bi
661 2693 910 2788 Capita
957 2684 1266 2760 breviori
1304 2682 1569 2755 ambitu
1595 2676 2290 2768 circumscribantur,
2340 2678 2600 2752 ludex·

556 2821 692 2893 que
724 2789 1124 2865 Verborum
1161 2780 1473 2854 'omniurn
1515 2778 1614 2851 illi
1651 2777 2072 2873 potissimum
2108 2778 2336 2872 aptari
2363 2773 2602 2873 poffit.

558 2887 965 2972 Monendus
995 2899 1363 2976 praeterea
1390 2876 1492 2951 est
1521 2874 1740 2949 lector
1759 2929 1778 2963 ‚
1805 2873 2181 2969 saepissime
2213 2899 2432 2952 annos
2461 2877 2601 2949 Ur·

563 2996 669 3071 bis
717 2982 1063 3061 Conditae
1103 2976 1243 3053 &o
1294 2979 1365 3051 in
1402 2977 1622 3051 Notis
1662 2973 1987 3047 Glareani
2023 2993 2231 3068 atque
2268 2974 2523 3047 Annae
2556 2997 2600 3048 a

559 3095 631 3168 se
672 3086 985 3161 invicem
1026 3074 1439 3173 discrepari3
1483 3073 1666 3170 quod
1715 3071 1964 3145 mirum
2002 3095 2141 3145 non
2196 3070 2336 3161 est,
2386 3095 2607 3165 quum

557 3182 799 3264 Fastos
847 3178 1131 3254 eosdem
1180 3197 1321 3248 non
1362 3192 1611 3246 omnes
1658 3174 2028 3266 sequantur
2068 3171 2603 3243 Commentato-

560 3308 713 3376 κε,
767 3278 951 3354 unde
983 3296 1211 3370 neque
1242 3272 1386 3368 ipse
1426 3271 1843 3365 Eutropium
1877 3268 2131 3363 ubique
2155 3290 2363 3343 unam
2384 3286 2602 3365 atque

562 3383 856 3464 eandem
914 3373 1251 3468 temporis
1308 3373 1376 3445 se
1429 3371 1610 3443 uitur
1666 3370 2278 3461 supputationem,
2348 3389 2607 3440 verum

562 3501 772 3585 prout
803 3475 1242 3567 excerpserat
1276 3471 1374 3542 Hi
1435 3467 1670 3542 oricos
1702 3484 2023 3553 vetera,
2073 3488 2246 3561 quos
2292 3465 2607 3561 legerat,

565 3601 858 3683 quorum
913 3571 1193 3670 quidam
1240 3565 1585 3643 Varronis
1624 3586 2031 3656 computum
2083 3565 2605 3659 sequebantur,

569 3675 1022 3760 aliialterius,
1066 3671 1165 3745 ita
1198 3686 1715 3761 nonnumquam
1749 3674 1978 3735 errare
2009 3660 2605 3757 deprehenditur,

570 3777 757 3877 qnod
798 3795 1008 3867 quum
1063 3766 1321 3861 ubique
1373 3764 1458 3836 ad
1506 3783 1802 3839 examen
1851 3779 2224 3833 revocetur
2265 3760 2339 3833 in
2380 3760 2609 3832 Notis

441 3912 454 3929 ·
571 3870 862 3953 Dostiff.
916 3870 1257 3943 Virorum
1292 3916 1313 3951 ‚
1386 3862 1601 3935 semel
1642 3848 1886 3933 dixiffe
1933 3858 2245 3932 sufficiat.
2344 3858 2618 3932 Monui

570 3972 875 4072 superius
936 3970 1010 4043 in
1076 3963 1347 4064 Quarto
1405 3959 1570 4036 MS.
1637 3955 2074 4053 Eutropiano
2129 3954 2627 4032 Bibliothecae

610 4126 628 4133 ..
2361 4053 2608 4151 Lugd-
