<?xml version="1.0" encoding="UTF-8"?>
<!DOCTYPE html PUBLIC "-//W3C//DTD XHTML 1.0 Transitional//EN"
    "http://www.w3.org/TR/xhtml1/DTD/xhtml1-transitional.dtd">
<html xmlns="http://www.w3.org/1999/xhtml" xml:lang="en" lang="en">
 <head>
  <title>
</title>
<meta http-equiv="Content-Type" content="text/html;charset=utf-8" />
  <meta name='ocr-system' content='tesseract 3.04.00' />
  <meta name='ocr-capabilities' content='ocr_page ocr_carea ocr_par ocr_line ocrx_word'/>
</head>
<body>
  <div class='ocr_page' id='page_1' title='image "./eutropiibreviar03verhgoog_0010.png"; bbox 0 0 2870 4628; ppageno 0'>
   <div class='ocr_carea' id='block_1_1' title="bbox 497 265 2150 371">
    <p class='ocr_par' dir='ltr' id='par_1_1' title="bbox 497 265 2150 371">
     <span class='ocr_line' id='line_1_1' title="bbox 497 265 2150 371; baseline -0.008 0"><span class='ocrx_word' id='word_1_1' title='bbox 497 308 595 371; x_wconf 78' lang='lat' dir='ltr'><strong>1v</strong></span> <span class='ocrx_word' id='word_1_2' title='bbox 898 265 2150 362; x_wconf 78' lang='lat' dir='ltr'><strong>DEDICATIO.·</strong></span> 
     </span>
    </p>
   </div>
   <div class='ocr_carea' id='block_1_2' title="bbox 504 458 2572 747">
    <p class='ocr_par' dir='ltr' id='par_1_2' title="bbox 504 458 2572 747">
     <span class='ocr_line' id='line_1_2' title="bbox 504 458 2570 573; baseline -0.006 0"><span class='ocrx_word' id='word_1_3' title='bbox 504 470 797 573; x_wconf 86' lang='lat' dir='ltr'><strong>lucem</strong></span> <span class='ocrx_word' id='word_1_4' title='bbox 865 469 1257 569; x_wconf 85' lang='lat' dir='ltr'><strong>emittat:</strong></span> <span class='ocrx_word' id='word_1_5' title='bbox 1358 460 1790 563; x_wconf 83' lang='lat' dir='ltr'><strong>Ita·enirn</strong></span> <span class='ocrx_word' id='word_1_6' title='bbox 1868 458 2264 559; x_wconf 86' lang='lat' dir='ltr'>hodierni</span> <span class='ocrx_word' id='word_1_7' title='bbox 2345 458 2570 563; x_wconf 89' lang='lat' dir='ltr'><strong>rnul-</strong></span> 
     </span>
     <span class='ocr_line' id='line_1_3' title="bbox 508 603 2572 747; baseline -0.003 -33"><span class='ocrx_word' id='word_1_8' title='bbox 508 646 809 716; x_wconf 86' lang='lat' dir='ltr'><strong>torum</strong></span> <span class='ocrx_word' id='word_1_9' title='bbox 875 645 1169 710; x_wconf 89' lang='lat' dir='ltr'><strong>mores</strong></span> <span class='ocrx_word' id='word_1_10' title='bbox 1234 606 1475 725; x_wconf 75' lang='lat' dir='ltr'><strong>firnt,</strong></span> <span class='ocrx_word' id='word_1_11' title='bbox 1545 637 1642 704; x_wconf 88' lang='lat' dir='ltr'><strong>ut</strong></span> <span class='ocrx_word' id='word_1_12' title='bbox 1703 603 1859 738; x_wconf 82' lang='lat' dir='ltr'><strong>ipsi</strong></span> <span class='ocrx_word' id='word_1_13' title='bbox 1919 605 2128 707; x_wconf 81' lang='lat' dir='ltr'><strong>nihil</strong></span> <span class='ocrx_word' id='word_1_14' title='bbox 2172 640 2572 747; x_wconf 80' lang='lat' dir='ltr'><strong>agente5‚</strong></span> 
     </span>
    </p>
   </div>
   <div class='ocr_carea' id='block_1_3' title="bbox 465 759 2592 2588">
    <p class='ocr_par' dir='ltr' id='par_1_3' title="bbox 465 759 2592 2588">
     <span class='ocr_line' id='line_1_4' title="bbox 509 759 2570 909; baseline -0.002 -42"><span class='ocrx_word' id='word_1_15' title='bbox 509 804 695 909; x_wconf 85' lang='lat' dir='ltr'><strong>quo</strong></span> <span class='ocrx_word' id='word_1_16' title='bbox 754 766 1183 897; x_wconf 87' lang='lat' dir='ltr'><strong>majorem</strong></span> <span class='ocrx_word' id='word_1_17' title='bbox 1227 760 1467 859; x_wconf 84' lang='lat' dir='ltr'><strong>suam</strong></span> <span class='ocrx_word' id='word_1_18' title='bbox 1522 759 2107 860; x_wconf 88' lang='lat' dir='ltr'><strong>eruditionem</strong></span> <span class='ocrx_word' id='word_1_19' title='bbox 2148 766 2570 896; x_wconf 81' lang='lat' dir='ltr'><strong>probent,</strong></span> 
     </span>
     <span class='ocr_line' id='line_1_5' title="bbox 509 913 2578 1054; baseline -0.003 -30"><span class='ocrx_word' id='word_1_20' title='bbox 509 952 710 1024; x_wconf 88' lang='lat' dir='ltr'><strong>tuto</strong></span> <span class='ocrx_word' id='word_1_21' title='bbox 748 918 1017 1019; x_wconf 84' lang='lat' dir='ltr'><strong>aliena</strong></span> <span class='ocrx_word' id='word_1_22' title='bbox 1062 947 1410 1052; x_wconf 83' lang='lat' dir='ltr'>carpant</span> <span class='ocrx_word' id='word_1_23' title='bbox 1437 992 1465 1035; x_wconf 83' lang='lat'><strong>,</strong></span> <span class='ocrx_word' id='word_1_24' title='bbox 1524 913 2038 1051; x_wconf 79' lang='lat' dir='ltr'>explodaut,</span> <span class='ocrx_word' id='word_1_25' title='bbox 2079 918 2179 1025; x_wconf 87' lang='lat'>&amp;</span> <span class='ocrx_word' id='word_1_26' title='bbox 2221 950 2578 1054; x_wconf 88' lang='lat' dir='ltr'><strong>propter</strong></span> 
     </span>
     <span class='ocr_line' id='line_1_6' title="bbox 508 1074 2582 1218; baseline -0.002 -37"><span class='ocrx_word' id='word_1_27' title='bbox 508 1114 782 1218; x_wconf 87' lang='lat' dir='ltr'><strong>pauca</strong></span> <span class='ocrx_word' id='word_1_28' title='bbox 841 1074 1585 1214; x_wconf 80' lang='lat' dir='ltr'><strong>reprehendenda,</strong></span> <span class='ocrx_word' id='word_1_29' title='bbox 1640 1106 1925 1175; x_wconf 89' lang='lat' dir='ltr'><strong>cetera</strong></span> <span class='ocrx_word' id='word_1_30' title='bbox 1978 1077 2279 1174; x_wconf 87' lang='lat' dir='ltr'><strong>omnia</strong></span> <span class='ocrx_word' id='word_1_31' title='bbox 2339 1075 2582 1177; x_wconf 87' lang='lat' dir='ltr'><strong>dam-</strong></span> 
     </span>
     <span class='ocr_line' id='line_1_7' title="bbox 508 1232 2582 1368; baseline -0.005 -29"><span class='ocrx_word' id='word_1_32' title='bbox 508 1264 726 1339; x_wconf 88' lang='lat' dir='ltr'><strong>nent</strong></span> <span class='ocrx_word' id='word_1_33' title='bbox 812 1234 1593 1335; x_wconf 86' lang='lat' dir='ltr'><strong>&amp;·contemnant:</strong></span> <span class='ocrx_word' id='word_1_34' title='bbox 1667 1268 1997 1368; x_wconf 82' lang='lat' dir='ltr'>quum,</span> <span class='ocrx_word' id='word_1_35' title='bbox 2067 1236 2194 1331; x_wconf 90' lang='lat' dir='ltr'><strong>uti</strong></span> <span class='ocrx_word' id='word_1_36' title='bbox 2268 1232 2582 1330; x_wconf 86' lang='lat' dir='ltr'><strong>huma-</strong></span> 
     </span>
     <span class='ocr_line' id='line_1_8' title="bbox 508 1387 2582 1527; baseline -0.006 -28"><span class='ocrx_word' id='word_1_37' title='bbox 508 1433 626 1500; x_wconf 89' lang='lat' dir='ltr'><strong>na</strong></span> <span class='ocrx_word' id='word_1_38' title='bbox 710 1395 1209 1495; x_wconf 77' lang='lat' dir='ltr'><strong>inbecillitas</strong></span> <span class='ocrx_word' id='word_1_39' title='bbox 1292 1387 1486 1511; x_wconf 83' lang='lat' dir='ltr'><strong>est,</strong></span> <span class='ocrx_word' id='word_1_40' title='bbox 1581 1393 1977 1527; x_wconf 85' lang='lat' dir='ltr'><strong>inprimis</strong></span> <span class='ocrx_word' id='word_1_41' title='bbox 2063 1392 2152 1488; x_wconf 90' lang='lat' dir='ltr'><strong>in</strong></span> <span class='ocrx_word' id='word_1_42' title='bbox 2230 1391 2582 1522; x_wconf 89' lang='lat' dir='ltr'><strong>juveni-</strong></span> 
     </span>
     <span class='ocr_line' id='line_1_9' title="bbox 514 1542 2581 1653; baseline -0.003 -2"><span class='ocrx_word' id='word_1_43' title='bbox 514 1552 676 1653; x_wconf 86' lang='lat' dir='ltr'><strong>bus</strong></span> <span class='ocrx_word' id='word_1_44' title='bbox 750 1546 849 1647; x_wconf 88' lang='lat'>&amp;</span> <span class='ocrx_word' id='word_1_45' title='bbox 927 1549 1016 1645; x_wconf 88' lang='lat' dir='ltr'><strong>in</strong></span> <span class='ocrx_word' id='word_1_46' title='bbox 1092 1582 1188 1644; x_wconf 89' lang='lat' dir='ltr'><strong>re</strong></span> <span class='ocrx_word' id='word_1_47' title='bbox 1256 1542 1677 1644; x_wconf 87' lang='lat' dir='ltr'><strong>Literaria</strong></span> <span class='ocrx_word' id='word_1_48' title='bbox 1762 1545 2018 1643; x_wconf 87' lang='lat' dir='ltr'><strong>novis</strong></span> <span class='ocrx_word' id='word_1_49' title='bbox 2073 1542 2581 1644; x_wconf 76' lang='lat' dir='ltr'><strong>hominibus</strong></span> 
     </span>
     <span class='ocr_line' id='line_1_10' title="bbox 517 1695 2585 1835; baseline -0.004 -33"><span class='ocrx_word' id='word_1_50' title='bbox 517 1704 673 1802; x_wconf 85' lang='lat' dir='ltr'><strong>vix</strong></span> <span class='ocrx_word' id='word_1_51' title='bbox 749 1696 939 1799; x_wconf 90' lang='lat' dir='ltr'><strong>fieri</strong></span> <span class='ocrx_word' id='word_1_52' title='bbox 1017 1695 1272 1835; x_wconf 85' lang='lat' dir='ltr'><strong>posfit</strong></span> <span class='ocrx_word' id='word_1_53' title='bbox 1314 1773 1343 1820; x_wconf 84' lang='lat'><strong>,</strong></span> <span class='ocrx_word' id='word_1_54' title='bbox 1430 1700 1642 1835; x_wconf 87' lang='lat' dir='ltr'><strong>quin</strong></span> <span class='ocrx_word' id='word_1_55' title='bbox 1713 1697 1802 1797; x_wconf 92' lang='lat' dir='ltr'><strong>in</strong></span> <span class='ocrx_word' id='word_1_56' title='bbox 1872 1732 2010 1795; x_wconf 89' lang='lat' dir='ltr'><strong>res</strong></span> <span class='ocrx_word' id='word_1_57' title='bbox 2079 1696 2585 1831; x_wconf 84' lang='lat' dir='ltr'><strong>inpingant‚</strong></span> 
     </span>
     <span class='ocr_line' id='line_1_11' title="bbox 465 1849 2588 1994; baseline -0 -42"><span class='ocrx_word' id='word_1_58' title='bbox 465 1918 471 1925; x_wconf 92' lang='lat'><em>-</em></span> <span class='ocrx_word' id='word_1_59' title='bbox 520 1888 734 1994; x_wconf 87' lang='lat' dir='ltr'><strong>quas</strong></span> <span class='ocrx_word' id='word_1_60' title='bbox 778 1855 1199 1951; x_wconf 81' lang='lat' dir='ltr'><strong>maturior</strong></span> <span class='ocrx_word' id='word_1_61' title='bbox 1252 1877 1484 1979; x_wconf 89' lang='lat' dir='ltr'><strong>aetas</strong></span> <span class='ocrx_word' id='word_1_62' title='bbox 1539 1849 1648 1950; x_wconf 72' lang='grc' dir='ltr'><strong>ὅτ</strong></span> <span class='ocrx_word' id='word_1_63' title='bbox 1708 1849 1989 1981; x_wconf 87' lang='lat' dir='ltr'><strong>major</strong></span> <span class='ocrx_word' id='word_1_64' title='bbox 2046 1883 2339 1947; x_wconf 81' lang='lat' dir='ltr'><strong>rerum</strong></span> <span class='ocrx_word' id='word_1_65' title='bbox 2391 1850 2588 1951; x_wconf 73' lang='lat' dir='ltr'><strong>uffis</strong></span> 
     </span>
     <span class='ocr_line' id='line_1_12' title="bbox 520 2000 2586 2137; baseline 0 -31"><span class='ocrx_word' id='word_1_66' title='bbox 520 2005 832 2106; x_wconf 85' lang='lat' dir='ltr'><strong>viderit</strong></span> <span class='ocrx_word' id='word_1_67' title='bbox 850 2043 881 2133; x_wconf 82' lang='lat'>3</span> <span class='ocrx_word' id='word_1_68' title='bbox 952 2003 1407 2103; x_wconf 88' lang='lat' dir='ltr'><strong>nerninem</strong></span> <span class='ocrx_word' id='word_1_69' title='bbox 1469 2032 1763 2099; x_wconf 88' lang='lat' dir='ltr'><strong>tamen</strong></span> <span class='ocrx_word' id='word_1_70' title='bbox 1801 2075 1832 2119; x_wconf 82' lang='lat'>‚</span> <span class='ocrx_word' id='word_1_71' title='bbox 1903 2003 2055 2137; x_wconf 90' lang='lat' dir='ltr'><strong>qui</strong></span> <span class='ocrx_word' id='word_1_72' title='bbox 2119 2000 2586 2107; x_wconf 86' lang='lat' dir='ltr'><strong>hominem</strong></span> 
     </span>
     <span class='ocr_line' id='line_1_13' title="bbox 522 2151 2589 2291; baseline -0.004 -29"><span class='ocrx_word' id='word_1_73' title='bbox 522 2158 613 2261; x_wconf 76' lang='lat' dir='ltr'><strong>se</strong></span> <span class='ocrx_word' id='word_1_74' title='bbox 660 2158 758 2259; x_wconf 84' lang='lat'>&amp;</span> <span class='ocrx_word' id='word_1_75' title='bbox 797 2155 1197 2256; x_wconf 86' lang='lat' dir='ltr'><strong>humanis</strong></span> <span class='ocrx_word' id='word_1_76' title='bbox 1238 2153 1674 2252; x_wconf 86' lang='lat' dir='ltr'><strong>erroribus</strong></span> <span class='ocrx_word' id='word_1_77' title='bbox 1712 2151 2205 2254; x_wconf 86' lang='lat' dir='ltr'><strong>obnoxium</strong></span> <span class='ocrx_word' id='word_1_78' title='bbox 2254 2157 2589 2291; x_wconf 85' lang='lat' dir='ltr'><strong>adgno-</strong></span> 
     </span>
     <span class='ocr_line' id='line_1_14' title="bbox 524 2313 2590 2454; baseline -0 -37"><span class='ocrx_word' id='word_1_79' title='bbox 524 2314 678 2417; x_wconf 89' lang='lat' dir='ltr'><strong>scit</strong></span> <span class='ocrx_word' id='word_1_80' title='bbox 698 2393 727 2438; x_wconf 81' lang='lat'>‚</span> <span class='ocrx_word' id='word_1_81' title='bbox 763 2316 1009 2454; x_wconf 90' lang='lat' dir='ltr'><strong>quod</strong></span> <span class='ocrx_word' id='word_1_82' title='bbox 1030 2317 1534 2450; x_wconf 83' lang='lat' dir='ltr'><strong>graviorem</strong></span> <span class='ocrx_word' id='word_1_83' title='bbox 1576 2313 2200 2414; x_wconf 86' lang='lat' dir='ltr'><strong>nonnullorum</strong></span> <span class='ocrx_word' id='word_1_84' title='bbox 2231 2317 2590 2417; x_wconf 85' lang='lat' dir='ltr'><strong>malefe-</strong></span> 
     </span>
     <span class='ocr_line' id='line_1_15' title="bbox 524 2463 2592 2588; baseline -0.001 -16"><span class='ocrx_word' id='word_1_85' title='bbox 524 2474 946 2571; x_wconf 84' lang='lat' dir='ltr'><strong>riatorum</strong></span> <span class='ocrx_word' id='word_1_86' title='bbox 980 2463 1821 2566; x_wconf 81' lang='lat' dir='ltr'><strong>animadversionem</strong></span> <span class='ocrx_word' id='word_1_87' title='bbox 1848 2466 2403 2588; x_wconf 82' lang='lat' dir='ltr'><strong>extimescat,</strong></span> <span class='ocrx_word' id='word_1_88' title='bbox 2429 2469 2592 2569; x_wconf 83' lang='lat' dir='ltr'><strong>hac</strong></span> 
     </span>
    </p>
   </div>
   <div class='ocr_carea' id='block_1_4' title="bbox 529 2619 2592 2913">
    <p class='ocr_par' dir='ltr' id='par_1_4' title="bbox 529 2619 2592 2913">
     <span class='ocr_line' id='line_1_16' title="bbox 529 2619 2589 2756; baseline -0.001 -29"><span class='ocrx_word' id='word_1_89' title='bbox 529 2627 691 2728; x_wconf 85' lang='lat' dir='ltr'><strong>fati</strong></span> <span class='ocrx_word' id='word_1_90' title='bbox 762 2624 1063 2748; x_wconf 82' lang='lat' dir='ltr'><strong>injuria</strong></span> <span class='ocrx_word' id='word_1_91' title='bbox 1117 2619 1337 2720; x_wconf 85' lang='lat' dir='ltr'><strong>adeo</strong></span> <span class='ocrx_word' id='word_1_92' title='bbox 1390 2620 1805 2721; x_wconf 83' lang='lat' dir='ltr'><strong>deterreri</strong></span> <span class='ocrx_word' id='word_1_93' title='bbox 1863 2621 2178 2722; x_wconf 91' lang='lat' dir='ltr'><strong>debere</strong></span> <span class='ocrx_word' id='word_1_94' title='bbox 2221 2624 2528 2756; x_wconf 86' lang='lat' dir='ltr'><strong>judico</strong></span> <span class='ocrx_word' id='word_1_95' title='bbox 2557 2703 2589 2747; x_wconf 82' lang='lat'>‚</span> 
     </span>
     <span class='ocr_line' id='line_1_17' title="bbox 533 2768 2592 2913; baseline 0.003 -39"><span class='ocrx_word' id='word_1_96' title='bbox 533 2803 637 2874; x_wconf 83' lang='lat' dir='ltr'><strong>nt</strong></span> <span class='ocrx_word' id='word_1_97' title='bbox 700 2768 1069 2870; x_wconf 84' lang='lat' dir='ltr'><strong>desidiae</strong></span> <span class='ocrx_word' id='word_1_98' title='bbox 1108 2801 1412 2872; x_wconf 88' lang='lat' dir='ltr'><strong>notam</strong></span> <span class='ocrx_word' id='word_1_99' title='bbox 1475 2770 1631 2870; x_wconf 85' lang='lat' dir='ltr'><strong>fibi</strong></span> <span class='ocrx_word' id='word_1_100' title='bbox 1688 2771 1927 2871; x_wconf 87' lang='lat' dir='ltr'><strong>malit</strong></span> <span class='ocrx_word' id='word_1_101' title='bbox 1983 2775 2256 2895; x_wconf 79' lang='lat' dir='ltr'><strong>inuri,</strong></span> <span class='ocrx_word' id='word_1_102' title='bbox 2327 2814 2592 2913; x_wconf 84' lang='lat' dir='ltr'><strong>quam</strong></span> 
     </span>
    </p>
   </div>
   <div class='ocr_carea' id='block_1_5' title="bbox 472 2925 2606 4122">
    <p class='ocr_par' dir='ltr' id='par_1_5' title="bbox 472 2925 2606 4122">
     <span class='ocr_line' id='line_1_18' title="bbox 536 2925 2595 3070; baseline 0.002 -38"><span class='ocrx_word' id='word_1_103' title='bbox 536 2927 1022 3070; x_wconf 83' lang='lat' dir='ltr'><strong>periculum</strong></span> <span class='ocrx_word' id='word_1_104' title='bbox 1044 2928 1491 3061; x_wconf 87' lang='lat' dir='ltr'><strong>cujusdam</strong></span> <span class='ocrx_word' id='word_1_105' title='bbox 1512 2925 1966 3029; x_wconf 87' lang='lat' dir='ltr'><strong>industriae</strong></span> <span class='ocrx_word' id='word_1_106' title='bbox 1993 2928 2318 3031; x_wconf 85' lang='lat' dir='ltr'><strong>faciens</strong></span> <span class='ocrx_word' id='word_1_107' title='bbox 2356 2937 2595 3036; x_wconf 89' lang='lat' dir='ltr'><strong>Cen-</strong></span> 
     </span>
     <span class='ocr_line' id='line_1_19' title="bbox 537 3081 2594 3224; baseline 0.001 -39"><span class='ocrx_word' id='word_1_108' title='bbox 537 3082 854 3185; x_wconf 88' lang='lat' dir='ltr'><strong>soriam</strong></span> <span class='ocrx_word' id='word_1_109' title='bbox 914 3081 1219 3185; x_wconf 81' lang='lat' dir='ltr'><strong>subire.</strong></span> <span class='ocrx_word' id='word_1_110' title='bbox 1340 3082 1810 3217; x_wconf 87' lang='lat' dir='ltr'><strong>Propterea</strong></span> <span class='ocrx_word' id='word_1_111' title='bbox 1854 3083 2090 3218; x_wconf 86' lang='lat' dir='ltr'><strong>quod</strong></span> <span class='ocrx_word' id='word_1_112' title='bbox 2145 3123 2594 3224; x_wconf 88' lang='lat' dir='ltr'><strong>nunquam</strong></span> 
     </span>
     <span class='ocr_line' id='line_1_20' title="bbox 537 3238 2597 3376; baseline 0.002 -35"><span class='ocrx_word' id='word_1_113' title='bbox 537 3239 843 3341; x_wconf 59' lang='lat' dir='ltr'><strong>destant</strong></span> <span class='ocrx_word' id='word_1_114' title='bbox 906 3241 1105 3338; x_wconf 86' lang='lat' dir='ltr'><strong>Viri</strong></span> <span class='ocrx_word' id='word_1_115' title='bbox 1162 3238 1741 3359; x_wconf 78' lang='lat' dir='ltr'><strong>cordatiore5‚</strong></span> <span class='ocrx_word' id='word_1_116' title='bbox 1811 3243 1959 3375; x_wconf 86' lang='lat' dir='ltr'><strong>qui</strong></span> <span class='ocrx_word' id='word_1_117' title='bbox 2027 3240 2189 3375; x_wconf 69' lang='lat' dir='ltr'><strong>ips}</strong></span> <span class='ocrx_word' id='word_1_118' title='bbox 2244 3246 2597 3376; x_wconf 80' lang='lat' dir='ltr'><strong>Sapien—</strong></span> 
     </span>
     <span class='ocr_line' id='line_1_21' title="bbox 541 3395 2601 3504; baseline 0.002 -5"><span class='ocrx_word' id='word_1_119' title='bbox 541 3401 719 3500; x_wconf 83' lang='lat' dir='ltr'><strong>tiae</strong></span> <span class='ocrx_word' id='word_1_120' title='bbox 770 3395 1182 3498; x_wconf 88' lang='lat' dir='ltr'><strong>antistites</strong></span> <span class='ocrx_word' id='word_1_121' title='bbox 1242 3398 1343 3500; x_wconf 88' lang='lat'>&amp;</span> <span class='ocrx_word' id='word_1_122' title='bbox 1396 3434 1655 3499; x_wconf 86' lang='lat' dir='ltr'><strong>verae</strong></span> <span class='ocrx_word' id='word_1_123' title='bbox 1718 3398 2158 3502; x_wconf 61' lang='lat' dir='ltr'><strong>dodtrinae</strong></span> <span class='ocrx_word' id='word_1_124' title='bbox 2221 3403 2601 3504; x_wconf 88' lang='lat' dir='ltr'><strong>cultores</strong></span> 
     </span>
     <span class='ocr_line' id='line_1_22' title="bbox 544 3561 2600 3696; baseline 0.002 -36"><span class='ocrx_word' id='word_1_125' title='bbox 544 3561 1128 3669; x_wconf 83' lang='lat' dir='ltr'><strong>Eruditorum</strong></span> <span class='ocrx_word' id='word_1_126' title='bbox 1204 3593 1389 3659; x_wconf 87' lang='lat' dir='ltr'><strong>non</strong></span> <span class='ocrx_word' id='word_1_127' title='bbox 1465 3589 1805 3660; x_wconf 88' lang='lat' dir='ltr'><strong>tantum</strong></span> <span class='ocrx_word' id='word_1_128' title='bbox 1881 3564 2209 3661; x_wconf 85' lang='lat' dir='ltr'><strong>meritis</strong></span> <span class='ocrx_word' id='word_1_129' title='bbox 2270 3562 2600 3696; x_wconf 87' lang='lat' dir='ltr'>justum</span> 
     </span>
     <span class='ocr_line' id='line_1_23' title="bbox 546 3710 2606 3851; baseline 0.002 -38"><span class='ocrx_word' id='word_1_130' title='bbox 546 3717 933 3847; x_wconf 87' lang='lat' dir='ltr'><strong>pretium</strong></span> <span class='ocrx_word' id='word_1_131' title='bbox 995 3710 1363 3812; x_wconf 87' lang='lat' dir='ltr'><strong>statuere</strong></span> <span class='ocrx_word' id='word_1_132' title='bbox 1413 3742 1784 3833; x_wconf 83' lang='lat' dir='ltr'><strong>norunt,</strong></span> <span class='ocrx_word' id='word_1_133' title='bbox 1855 3711 1995 3814; x_wconf 90' lang='lat' dir='ltr'><strong>sed</strong></span> <span class='ocrx_word' id='word_1_134' title='bbox 2044 3715 2144 3819; x_wconf 69' lang='grc' dir='ltr'><strong>δε</strong></span> <span class='ocrx_word' id='word_1_135' title='bbox 2198 3719 2290 3817; x_wconf 92' lang='lat' dir='ltr'><strong>in</strong></span> <span class='ocrx_word' id='word_1_136' title='bbox 2359 3718 2606 3851; x_wconf 84' lang='lat' dir='ltr'><strong>spem</strong></span> 
     </span>
     <span class='ocr_line' id='line_1_24' title="bbox 472 3862 2602 4008; baseline 0 -38"><span class='ocrx_word' id='word_1_137' title='bbox 472 3997 483 4008; x_wconf 23' lang='lat'>⁸</span> <span class='ocrx_word' id='word_1_138' title='bbox 550 3862 899 3970; x_wconf 84' lang='lat' dir='ltr'><strong>futurae</strong></span> <span class='ocrx_word' id='word_1_139' title='bbox 981 3863 1487 3972; x_wconf 84' lang='lat' dir='ltr'><strong>eruditionis</strong></span> <span class='ocrx_word' id='word_1_140' title='bbox 1589 3863 2161 3981; x_wconf 77' lang='lat' dir='ltr'><strong>crescentium</strong></span> <span class='ocrx_word' id='word_1_141' title='bbox 2234 3897 2602 3972; x_wconf 72' lang='lat' dir='ltr'><strong>conatus</strong></span> 
     </span>
     <span class='ocr_line' id='line_1_25' title="bbox 2449 4053 2600 4122; baseline 0 -26"><span class='ocrx_word' id='word_1_142' title='bbox 2449 4053 2600 4122; x_wconf 73' lang='lat' dir='ltr'><strong>ex-</strong></span> 
     </span>
    </p>
   </div>
  </div>
 </body>
</html>
