2870 4628
753 274 960 360 -Α-
1068 266 1140 355 E
1243 190 1718 377 Quo

237 469 368 618 L
575 463 701 612 E
863 468 1042 612 -c
1246 465 1418 609 T·
1597 467 1821 611 o·
1947 428 2135 615 R
2256 470 2331 616 1

1123 724 1212 808 S.
1318 722 1432 807 D.

230 862 1208 1027 HENRmth
1361 914 2306 1025 VERHEYK.
2424 956 2455 992 s

274 1185 439 1275 ἃ,
484 1185 699 1294 vs*
730 1193 768 1225 ⁴
790 1174 1090 1285 utropii
1146 1192 1428 1257 novam
1488 1150 1921 1259 Editionem
1967 1169 2310 1258 adorna-2

246 1278 423 1421 ,εἶ’ζὲ
452 1245 739 1388 ὺέῗ
825 1301 1010 1371 turo
1030 1346 1057 1387 ‚
1110 1300 1442 1396 praeter
1498 1297 1786 1371 ceteros
1840 1282 2172 1398 quotidie
2227 1309 2307 1367 e·

244 1355 763 1536 ἷῑὲ..ᾖξ
828 1398 1237 1486 volvendos
1256 1393 1689 1508 scriptores
1709 1455 1735 1495 ‚
1788 1398 2139 1505 inprimis
2183 1392 2308 1478 hic

248 1505 756 1654 ,Ἀτὶζίψρὲᾭ
823 1506 1102 1597 auHor
1140 1506 1374 1621 saepe
1419 1506 1805 1594 adeundus
1836 1509 2010 1613 fuit
2029 1563 2060 1609 ,
2114 1509 2305 1618 quia

438 1607 698 1712 ³5²5&ss
713 1651 747 1706 r:
823 1622 1198 1735 aequalis,
1218 1620 1687 1732 eamdemque
1711 1619 2105 1731 historiam
2133 1641 2302 1701 con-

200 1728 521 1844 scripfit
558 1756 705 1816 non
746 1737 954 1818 modo
970 1791 999 1835 ‚
1054 1757 1330 1819 verum
1385 1736 1623 1818 etiam
1677 1727 2064 1844 descripsit
2128 1733 2254 1816 ita
2268 1782 2302 1832 ‚

224 1860 321 1929 ut
365 1841 530 1954 ipsa
566 1845 942 1956 Eutropii
986 1847 1240 1932 verba
1295 1868 1443 1931 non
1483 1869 1684 1932 raro
1720 1840 2248 1958 repraesentet
2267 1895 2302 1945 ‚

218 1954 421 2040 unde
459 1972 870 2068 utrumque
904 1960 1327 2064 conserenti
1363 1982 1510 2042 non
1536 1962 1768 2069 pauci
1802 1962 1882 2044 in
1920 1954 2136 2064 Rufo
2170 1976 2299 2038 er-

222 2091 451 2154 rores
503 2067 1021 2155 obcurrerunt
1048 2127 1075 2169 ‚
1131 2094 1315 2183 quos
1368 2093 1473 2152 ex
1535 2071 1791 2156 altero
1841 2068 2243 2154 emendare
2264 2122 2297 2169 ‚

218 2178 338 2284 &³
374 2183 456 2264 in
491 2185 881 2290 integrum
914 2180 1322 2292 restituere
1360 2186 1661 2267 nonita
1698 2179 2119 2267 videbatur
2145 2179 2289 2285 difi

204 2292 455 2404 fiale,
487 2290 748 2404 sedin
784 2293 969 2382 haec
1004 2310 1353 2407 tempora
1390 2288 1719 2401 differre
1754 2293 2042 2395 malui,
2095 2284 2302 2405 quod

212 2405 772 2520 praeeuntibus
815 2410 1037 2496 Viris
1075 2402 1348 2494 DoHis
1371 2409 1756 2518 Eutropio
1796 2405 2091 2512 Rufum
2105 2465 2132 2507 ,
2175 2408 2294 2490 ni·

219 2518 374 2604 hilo
415 2522 659 2603 minus
697 2520 1004 2631 dignum
1023 2579 1052 2623 ‚
1106 2527 1191 2608 in
1225 2543 1443 2635 quem
1477 2535 1785 2632 operam
1819 2518 2247 2626 conferrem
2261 2576 2303 2623 ,‚

198 2629 703 2744 submittendi
743 2633 1115 2746 confilium
1161 2637 1509 2720 inieram.
2094 2705 2099 2714 .

335 2748 456 2829 Ut
473 2749 712 2830 etiam
743 2744 865 2828 hic
897 2805 925 2849 ,
964 2747 1232 2860 quibus
1268 2743 1378 2832 ad
1414 2744 1614 2832 hanc
1648 2745 2044 2833 editionem
2064 2739 2293 2830 ador-

220 2855 556 2942 nandam
609 2857 1035 2966 neceffariis
1061 2855 1416 2972 fitbsidiis
1445 2856 1753 2965 fuerim
1792 2858 1967 2969 usus
1985 2914 2018 2962 ,
2070 2858 2297 2942 ratio

196 2968 548 3082 superfit
581 2970 983 3059 reddenda.

327 3082 627 3168 Aditus
682 3083 791 3169 ad
842 3083 1141 3170 Codices
1188 3081 1440 3170 MSS.
1494 3078 1679 3169 mibi
1735 3081 1976 3170 nullos
2011 3094 2295 3190 patere

217 3195 488 3284 videns
526 3193 978 3303 vetustiores
1015 3197 1409 3283 Editiones
1447 3194 1913 3306 investigavi
1971 3193 2113 3280 dili
2160 3219 2289 3277 en-

221 3325 356 3393 ter
376 3367 405 3410 ‚
473 3323 565 3391 ut
595 3305 882 3418 saltem
932 3308 1075 3395 has
1114 3307 1513 3407 haberem,
1571 3325 1903 3422 quarum
1945 3304 2093 3394 aui
2132 3306 2289 3391 ori-

218 3431 394 3506 t'ate
430 3421 826 3507 nonnullas
858 3417 1135 3532 conjeH
1141 3447 1331 3508 uras
1386 3420 1503 3525 &⁹
1540 3421 2086 3507 emendationes
2114 3440 2287 3500 con·

202 3535 641 3643 firmarem.
738 3534 1268 3648 Quaecumque
1299 3551 1560 3621 autem
1602 3529 2043 3644 Cuspiniaui
2064 3589 2091 3633 ‚
2147 3527 2288 3641 qui

217 3641 520 3749 Rufum
570 3644 984 3730 conlatione
1026 3647 1372 3731 Codicum
1420 3647 1663 3729 MSS.
1705 3649 2001 3754 primus
2044 3665 2281 3725 emen·

216 3757 458 3841 davit
476 3815 502 3853 ‚
556 3752 934 3867 doHisque
969 3754 1278 3868 scholiis
1315 3756 1776 3864 inlustravit
1795 3815 1825 3859 ,
1885 3754 2285 3841 editionem

216 3871 677 3980 praeierunt
696 3925 725 3969 ‚
758 3869 817 3979 J
865 3869 1200 3955 ualidum
1241 3870 1548 3980 semper
1603 3865 1717 3971 &²
1764 3868 2289 3981 depravatum

220 3975 631 4093 exhibuiffe
707 3896 1098 4076 augorem
1179 3984 1521 4178 Cessario
1571 4007 1800 4093 quum
1857 3981 2300 4201 dicunturf‘5

1361 4121 1406 4180 e
1449 4119 1496 4179 e
1591 4121 1639 4178 ι
2211 4115 2262 4173 u
